scan_id,scan_date,scan_time,data_date,code,name,market,symbol,grade,score,reasons,close,volume,vol_ratio,dif,dea,hist,ma5,ma10,ma20,ma60,bb_upper,bb_mid,bb_lower,bb_width,buy_note,stop_note,target_note,cond_macd_gc,cond_first_red,cond_ma5_ma10_gc,cond_above_ma60,cond_ma60_up,cond_vol_expand,cond_boll_breakout,cond_price_above_ma20,ret_3d,ret_5d,ret_10d,success_5d,type,open,high,low,aggressive_buy_price,pullback_buy_price,conservative_buy_price,wave_buy_price,sell_price_1,sell_price_2,stop_loss_short,stop_loss_wave,stop_loss_hard,support_1,support_2,support_3,resistance_1,resistance_2,recent_low_20,cond_close_above_recent_high,rsi14,cond_a1_ma20_up,cond_a1_above_ma60,cond_a1_macd_first_red,cond_a1_ma5_cross_ma10,cond_a1_breakout_20d,cond_a1_vol_expand,cond_a1_red_candle,cond_a2_ma60_up,cond_a2_bullish_alignment,cond_a2_pullback_to_ma,cond_a2_macd_positive,cond_a2_vol_shrink,cond_a2_higher_lows
2026-03-21_2028,2026-03-21,2026-03-21 09:49:55,2026-03-20,2028,威致,上市,2028.TW,A,103,MACD黃金交叉、MACD第1根紅柱、5日/10日黃金交叉、站上季線、季線向上、量增、股價站上20日線,19.25,1711014,4.02,-0.1353,-0.1814,0.0461,17.95,17.76,18.29,18.19,19.73,18.29,16.84,0.1578,買點：19.25 附近可分批留意，或回踩 5/10 日線不破再觀察。,停損：跌破 10 日線 17.76 或季線 18.19 轉弱時保守處理。,目標：先看前高或布林上緣 19.73 一帶。,1.0,1.0,1.0,1.0,1.0,1.0,0.0,1.0,-3.38,-4.42,-5.71,0.0,,,,,,,,,,,,,,,,,,,,,,,,,,,,,,,,,,
2026-03-21_2007,2026-03-21,2026-03-21 09:49:55,2026-03-20,2007,燁興,上市,2007.TW,A,103,MACD黃金交叉、MACD第1根紅柱、5日/10日黃金交叉、站上季線、季線向上、量增、股價站上20日線,8.63,2915654,3.09,-0.0237,-0.0397,0.016,8.06,7.98,8.15,8.01,8.67,8.15,7.63,0.1273,買點：8.63 附近可分批留意，或回踩 5/10 日線不破再觀察。,停損：跌破 10 日線 7.98 或季線 8.01 轉弱時保守處理。,目標：先看前高或布林上緣 8.67 一帶。,1.0,1.0,1.0,1.0,1.0,1.0,0.0,1.0,-1.51,-3.24,-7.76,0.0,,,,,,,,,,,,,,,,,,,,,,,,,,,,,,,,,,
2026-03-21_2014,2026-03-21,2026-03-21 09:49:55,2026-03-20,2014,中鴻,上市,2014.TW,B,95,MACD黃金交叉、MACD第1根紅柱、站上季線、季線向上、量增、突破布林上軌、股價站上20日線,19.6,24808780,2.55,0.1927,0.0934,0.0993,18.13,17.81,17.84,17.13,19.04,17.84,16.64,0.1346,買點：若續強且不跌破 10 日線 17.81 可續觀察。,停損：跌破 20 日線 17.84 宜控管風險。,目標：先看波段壓力與布林上緣 19.04。,1.0,1.0,0.0,1.0,1.0,1.0,1.0,1.0,-4.34,-5.1,-6.12,0.0,,,,,,,,,,,,,,,,,,,,,,,,,,,,,,,,,,
2026-03-21_4968,2026-03-21,2026-03-21 09:50:39,2026-03-20,4968,立積,上市,4968.TW,B,81,MACD黃金交叉、MACD第1根紅柱、5日/10日黃金交叉、量增、股價站上20日線,113.0,3598055,2.59,-4.0649,-4.2649,0.2,107.1,105.95,112.85,120.84,127.88,112.85,97.82,0.2664,買點：若續強且不跌破 10 日線 105.95 可續觀察。,停損：跌破 20 日線 112.85 宜控管風險。,目標：先看波段壓力與布林上緣 127.88。,1.0,1.0,1.0,0.0,0.0,1.0,0.0,1.0,-3.98,-3.98,-6.64,0.0,,,,,,,,,,,,,,,,,,,,,,,,,,,,,,,,,,
2026-03-21_5344,2026-03-21,2026-03-21 09:50:42,2026-03-20,5344,立衛,上櫃,5344.TWO,B,75,MACD黃金交叉、MACD第1根紅柱、站上季線、量增、股價站上20日線,14.65,341806,3.36,-0.1509,-0.1867,0.0358,13.93,13.94,14.08,14.57,14.78,14.08,13.39,0.0981,買點：若續強且不跌破 10 日線 13.94 可續觀察。,停損：跌破 20 日線 14.08 宜控管風險。,目標：先看波段壓力與布林上緣 14.78。,1.0,1.0,0.0,1.0,0.0,1.0,0.0,1.0,-0.68,-6.83,-6.83,0.0,,,,,,,,,,,,,,,,,,,,,,,,,,,,,,,,,,
2026-03-21_3055,2026-03-21,2026-03-21 09:50:15,2026-03-20,3055,蔚華科,上市,3055.TW,B,64,MACD黃金交叉、MACD第1根紅柱、5日/10日黃金交叉,59.9,192453,0.94,-2.5691,-2.6081,0.0389,59.58,59.26,62.64,69.67,70.34,62.64,54.93,0.2461,買點：若續強且不跌破 10 日線 59.26 可續觀察。,停損：跌破 20 日線 62.64 宜控管風險。,目標：先看波段壓力與布林上緣 70.34。,1.0,1.0,1.0,0.0,0.0,0.0,0.0,0.0,1.17,-3.17,-5.68,0.0,,,,,,,,,,,,,,,,,,,,,,,,,,,,,,,,,,
2026-03-21_6613,2026-03-21,2026-03-21 09:51:01,2026-03-20,6613,朋億*,上櫃,6613.TWO,B,49,站上季線、季線向上、量增、突破布林上軌、股價站上20日線,210.0,1018977,2.99,1.3931,-0.2459,1.639,199.0,194.6,194.18,196.17,207.66,194.18,180.69,0.1389,買點：若續強且不跌破 10 日線 194.60 可續觀察。,停損：跌破 20 日線 194.18 宜控管風險。,目標：先看波段壓力與布林上緣 207.66。,0.0,0.0,0.0,1.0,1.0,1.0,1.0,1.0,3.1,-2.14,-4.29,0.0,,,,,,,,,,,,,,,,,,,,,,,,,,,,,,,,,,
2026-03-21_4991,2026-03-21,2026-03-21 09:50:39,2026-03-20,4991,環宇-KY,上櫃,4991.TWO,B,49,站上季線、季線向上、量增、突破布林上軌、股價站上20日線,427.0,19701054,2.79,31.3538,26.9823,4.3715,366.9,345.05,336.27,258.43,406.42,336.27,266.13,0.4172,買點：若續強且不跌破 10 日線 345.05 可續觀察。,停損：跌破 20 日線 336.27 宜控管風險。,目標：先看波段壓力與布林上緣 406.42。,0.0,0.0,0.0,1.0,1.0,1.0,1.0,1.0,2.34,4.45,10.19,1.0,,,,,,,,,,,,,,,,,,,,,,,,,,,,,,,,,,
2026-03-21_2349,2026-03-21,2026-03-21 09:49:59,2026-03-20,2349,錸德,上市,2349.TW,B,49,站上季線、季線向上、量增、突破布林上軌、股價站上20日線,15.8,20051161,2.42,0.0496,-0.1802,0.2298,13.9,13.46,13.63,14.34,15.34,13.63,11.92,0.2502,買點：若續強且不跌破 10 日線 13.46 可續觀察。,停損：跌破 20 日線 13.63 宜控管風險。,目標：先看波段壓力與布林上緣 15.34。,0.0,0.0,0.0,1.0,1.0,1.0,1.0,1.0,-12.03,-13.61,-18.99,0.0,,,,,,,,,,,,,,,,,,,,,,,,,,,,,,,,,,
2026-03-21_1308,2026-03-21,2026-03-21 09:49:43,2026-03-20,1308,亞聚,上市,1308.TW,B,49,站上季線、季線向上、量增、突破布林上軌、股價站上20日線,16.5,30352412,2.41,0.518,0.3671,0.1509,15.41,15.18,14.61,13.85,16.23,14.61,12.99,0.2224,買點：若續強且不跌破 10 日線 15.18 可續觀察。,停損：跌破 20 日線 14.61 宜控管風險。,目標：先看波段壓力與布林上緣 16.23。,0.0,0.0,0.0,1.0,1.0,1.0,1.0,1.0,-0.3,6.97,12.73,1.0,,,,,,,,,,,,,,,,,,,,,,,,,,,,,,,,,,
2026-03-21_5490,2026-03-21,2026-03-21 09:50:44,2026-03-20,5490,同亨,上櫃,5490.TWO,B,49,站上季線、季線向上、量增、突破布林上軌、股價站上20日線,29.1,2129962,1.86,0.4977,0.1421,0.3556,27.72,26.91,26.39,26.62,28.44,26.39,24.34,0.1557,買點：若續強且不跌破 10 日線 26.91 可續觀察。,停損：跌破 20 日線 26.39 宜控管風險。,目標：先看波段壓力與布林上緣 28.44。,0.0,0.0,0.0,1.0,1.0,1.0,1.0,1.0,-0.86,-3.44,-9.11,0.0,,,,,,,,,,,,,,,,,,,,,,,,,,,,,,,,,,
2026-03-21_3221,2026-03-21,2026-03-21 09:50:18,2026-03-20,3221,台嘉碩,上櫃,3221.TWO,B,49,站上季線、季線向上、量增、突破布林上軌、股價站上20日線,36.75,5649453,1.75,1.2607,0.8452,0.4155,31.44,29.98,30.12,26.49,35.09,30.12,25.15,0.3302,買點：若續強且不跌破 10 日線 29.98 可續觀察。,停損：跌破 20 日線 30.12 宜控管風險。,目標：先看波段壓力與布林上緣 35.09。,0.0,0.0,0.0,1.0,1.0,1.0,1.0,1.0,-4.76,-1.9,-4.76,0.0,,,,,,,,,,,,,,,,,,,,,,,,,,,,,,,,,,
2026-03-21_4967,2026-03-21,2026-03-21 09:50:38,2026-03-20,4967,十銓,上市,4967.TW,B,49,站上季線、季線向上、量增、突破布林上軌、股價站上20日線,261.5,36699036,1.57,10.5889,2.3,8.2889,242.4,215.55,207.62,199.73,258.02,207.62,157.23,0.4854,買點：若續強且不跌破 10 日線 215.55 可續觀察。,停損：跌破 20 日線 207.62 宜控管風險。,目標：先看波段壓力與布林上緣 258.02。,0.0,0.0,0.0,1.0,1.0,1.0,1.0,1.0,-2.68,-12.62,-18.74,0.0,,,,,,,,,,,,,,,,,,,,,,,,,,,,,,,,,,
2026-03-21_6492,2026-03-21,2026-03-21 09:50:58,2026-03-20,6492,生華科,上櫃,6492.TWO,B,49,站上季線、季線向上、量增、突破布林上軌、股價站上20日線,57.2,1061920,1.56,0.5743,0.0374,0.5369,53.6,51.49,51.4,49.42,55.62,51.4,47.17,0.1644,買點：若續強且不跌破 10 日線 51.49 可續觀察。,停損：跌破 20 日線 51.40 宜控管風險。,目標：先看波段壓力與布林上緣 55.62。,0.0,0.0,0.0,1.0,1.0,1.0,1.0,1.0,-5.77,-4.72,-15.03,0.0,,,,,,,,,,,,,,,,,,,,,,,,,,,,,,,,,,
2026-03-21_8432,2026-03-21,2026-03-21 09:51:13,2026-03-20,8432,東生華,上櫃,8432.TWO,B,46,MACD黃金交叉、MACD第1根紅柱,51.5,27060,0.99,-1.1194,-1.1242,0.0048,51.7,51.48,52.94,55.55,56.52,52.94,49.37,0.1349,買點：若續強且不跌破 10 日線 51.48 可續觀察。,停損：跌破 20 日線 52.94 宜控管風險。,目標：先看波段壓力與布林上緣 56.52。,1.0,1.0,0.0,0.0,0.0,0.0,0.0,0.0,-0.58,-1.36,-0.58,0.0,,,,,,,,,,,,,,,,,,,,,,,,,,,,,,,,,,
2026-03-21_5356,2026-03-21,2026-03-21 09:50:42,2026-03-20,5356,協益,上櫃,5356.TWO,B,46,MACD黃金交叉、MACD第1根紅柱,24.7,47822,0.79,-0.2583,-0.2657,0.0074,24.7,24.65,24.93,25.37,25.6,24.93,24.26,0.0541,買點：若續強且不跌破 10 日線 24.65 可續觀察。,停損：跌破 20 日線 24.93 宜控管風險。,目標：先看波段壓力與布林上緣 25.60。,1.0,1.0,0.0,0.0,0.0,0.0,0.0,0.0,0.61,-0.2,2.43,0.0,,,,,,,,,,,,,,,,,,,,,,,,,,,,,,,,,,
2026-03-21_3211,2026-03-21,2026-03-21 09:50:18,2026-03-20,3211,順達,上櫃,3211.TWO,C,57,5日/10日黃金交叉、站上季線、季線向上、量增、股價站上20日線,325.0,18293232,2.73,2.1957,0.9753,1.2204,309.0,307.35,303.62,308.16,329.68,303.62,277.57,0.1717,買點：先等站穩季線 308.16 或 MACD 更明確轉強。,停損：若跌破 20 日線 303.62 宜保守。,目標：以觀察為主，暫不主動追價。,0.0,0.0,1.0,1.0,1.0,1.0,0.0,1.0,6.92,12.31,9.85,1.0,,,,,,,,,,,,,,,,,,,,,,,,,,,,,,,,,,
2026-03-21_5276,2026-03-21,2026-03-21 09:50:41,2026-03-20,5276,達輝-KY,上櫃,5276.TWO,C,57,5日/10日黃金交叉、站上季線、季線向上、量增、股價站上20日線,15.8,7000,1.25,-0.0386,-0.0335,-0.0051,15.58,15.57,15.7,15.59,16.15,15.7,15.26,0.0566,買點：先等站穩季線 15.59 或 MACD 更明確轉強。,停損：若跌破 20 日線 15.70 宜保守。,目標：以觀察為主，暫不主動追價。,0.0,0.0,1.0,1.0,1.0,1.0,0.0,1.0,-4.11,-4.75,-1.58,0.0,,,,,,,,,,,,,,,,,,,,,,,,,,,,,,,,,,
2026-03-21_6642,2026-03-21,2026-03-21 09:51:01,2026-03-20,6642,富致,上櫃,6642.TWO,C,40,5日/10日黃金交叉、站上季線、季線向上,55.1,66236,0.68,-0.0176,0.2243,-0.2419,55.58,55.53,56.44,54.47,58.68,56.44,54.21,0.0793,買點：先等站穩季線 54.47 或 MACD 更明確轉強。,停損：若跌破 20 日線 56.44 宜保守。,目標：以觀察為主，暫不主動追價。,0.0,0.0,1.0,1.0,1.0,0.0,0.0,0.0,0.18,-1.63,-2.72,0.0,,,,,,,,,,,,,,,,,,,,,,,,,,,,,,,,,,
2026-03-21_4908,2026-03-21,2026-03-21 09:50:36,2026-03-20,4908,前鼎,上櫃,4908.TWO,C,39,站上季線、季線向上、量增、股價站上20日線,114.5,23811377,2.23,7.7369,6.2817,1.4552,107.1,100.88,96.51,82.5,115.74,96.51,77.28,0.3985,買點：先等站穩季線 82.50 或 MACD 更明確轉強。,停損：若跌破 20 日線 96.51 宜保守。,目標：以觀察為主，暫不主動追價。,0.0,0.0,0.0,1.0,1.0,1.0,0.0,1.0,-0.44,-1.75,-9.61,0.0,,,,,,,,,,,,,,,,,,,,,,,,,,,,,,,,,,
2026-03-21_2368,2026-03-21,2026-03-21 09:50:00,2026-03-20,2368,金像電,上市,2368.TW,C,39,站上季線、季線向上、量增、股價站上20日線,988.0,25370966,2.2,62.1566,48.6822,13.4744,947.2,905.8,849.95,731.82,1009.58,849.95,690.32,0.3756,買點：先等站穩季線 731.82 或 MACD 更明確轉強。,停損：若跌破 20 日線 849.95 宜保守。,目標：以觀察為主，暫不主動追價。,0.0,0.0,0.0,1.0,1.0,1.0,0.0,1.0,-6.68,-6.48,-6.17,0.0,,,,,,,,,,,,,,,,,,,,,,,,,,,,,,,,,,
2026-03-21_3591,2026-03-21,2026-03-21 09:50:25,2026-03-20,3591,艾笛森,上市,3591.TW,C,39,站上季線、季線向上、量增、股價站上20日線,21.3,13639853,2.11,0.4683,0.0608,0.4076,20.74,19.45,19.02,19.11,21.68,19.02,16.35,0.2803,買點：先等站穩季線 19.11 或 MACD 更明確轉強。,停損：若跌破 20 日線 19.02 宜保守。,目標：以觀察為主，暫不主動追價。,0.0,0.0,0.0,1.0,1.0,1.0,0.0,1.0,-1.64,-4.69,0.7,0.0,,,,,,,,,,,,,,,,,,,,,,,,,,,,,,,,,,
2026-03-21_6112,2026-03-21,2026-03-21 09:50:47,2026-03-20,6112,邁達特,上市,6112.TW,C,39,站上季線、季線向上、量增、股價站上20日線,48.0,2532934,1.88,0.6658,0.3272,0.3386,47.98,47.31,46.35,46.4,49.99,46.35,42.71,0.1571,買點：先等站穩季線 46.40 或 MACD 更明確轉強。,停損：若跌破 20 日線 46.35 宜保守。,目標：以觀察為主，暫不主動追價。,0.0,0.0,0.0,1.0,1.0,1.0,0.0,1.0,-6.46,-6.77,-4.37,0.0,,,,,,,,,,,,,,,,,,,,,,,,,,,,,,,,,,
2026-03-21_2027,2026-03-21,2026-03-21 09:49:55,2026-03-20,2027,大成鋼,上市,2027.TW,C,39,站上季線、季線向上、量增、股價站上20日線,37.5,40152668,1.76,0.0507,-0.031,0.0817,37.34,37.06,37.02,36.79,37.98,37.02,36.07,0.0517,買點：先等站穩季線 36.79 或 MACD 更明確轉強。,停損：若跌破 20 日線 37.02 宜保守。,目標：以觀察為主，暫不主動追價。,0.0,0.0,0.0,1.0,1.0,1.0,0.0,1.0,-1.47,-2.4,1.6,0.0,,,,,,,,,,,,,,,,,,,,,,,,,,,,,,,,,,
2026-03-21_6670,2026-03-21,2026-03-21 09:51:02,2026-03-20,6670,復盛應用,上市,6670.TW,C,39,站上季線、季線向上、量增、股價站上20日線,281.0,564786,1.7,2.3713,1.5763,0.795,278.1,275.05,271.7,268.11,282.35,271.7,261.05,0.0784,買點：先等站穩季線 268.11 或 MACD 更明確轉強。,停損：若跌破 20 日線 271.70 宜保守。,目標：以觀察為主，暫不主動追價。,0.0,0.0,0.0,1.0,1.0,1.0,0.0,1.0,-1.25,-4.63,-8.01,0.0,,,,,,,,,,,,,,,,,,,,,,,,,,,,,,,,,,
2026-03-21_3219,2026-03-21,2026-03-21 09:50:18,2026-03-20,3219,倚強科,上櫃,3219.TWO,C,39,站上季線、季線向上、量增、股價站上20日線,68.8,584083,1.51,0.4927,-0.2417,0.7345,66.48,64.2,64.61,65.26,72.25,64.61,56.97,0.2365,買點：先等站穩季線 65.26 或 MACD 更明確轉強。,停損：若跌破 20 日線 64.61 宜保守。,目標：以觀察為主，暫不主動追價。,0.0,0.0,0.0,1.0,1.0,1.0,0.0,1.0,3.78,-3.34,-10.76,0.0,,,,,,,,,,,,,,,,,,,,,,,,,,,,,,,,,,
2026-03-21_3236,2026-03-21,2026-03-21 09:50:19,2026-03-20,3236,千如,上櫃,3236.TWO,C,39,站上季線、季線向上、量增、股價站上20日線,33.9,11735936,1.48,0.2623,-0.37,0.6323,31.65,29.44,30.14,30.71,34.83,30.14,25.44,0.3115,買點：先等站穩季線 30.71 或 MACD 更明確轉強。,停損：若跌破 20 日線 30.14 宜保守。,目標：以觀察為主，暫不主動追價。,0.0,0.0,0.0,1.0,1.0,1.0,0.0,1.0,-8.41,-12.54,-12.68,0.0,,,,,,,,,,,,,,,,,,,,,,,,,,,,,,,,,,
2026-03-21_3693,2026-03-21,2026-03-21 09:50:27,2026-03-20,3693,營邦,上櫃,3693.TWO,C,39,站上季線、季線向上、量增、股價站上20日線,535.0,10022630,1.46,40.4767,28.0431,12.4336,523.8,468.15,441.15,369.09,557.81,441.15,324.49,0.5289,買點：先等站穩季線 369.09 或 MACD 更明確轉強。,停損：若跌破 20 日線 441.15 宜保守。,目標：以觀察為主，暫不主動追價。,0.0,0.0,0.0,1.0,1.0,1.0,0.0,1.0,-4.86,-6.54,-6.92,0.0,,,,,,,,,,,,,,,,,,,,,,,,,,,,,,,,,,
2026-03-21_4977,2026-03-21,2026-03-21 09:50:39,2026-03-20,4977,眾達-KY,上市,4977.TW,C,39,站上季線、季線向上、量增、股價站上20日線,200.5,28278553,1.37,14.1982,11.4183,2.7799,189.0,176.95,166.65,143.38,205.4,166.65,127.9,0.465,買點：先等站穩季線 143.38 或 MACD 更明確轉強。,停損：若跌破 20 日線 166.65 宜保守。,目標：以觀察為主，暫不主動追價。,0.0,0.0,0.0,1.0,1.0,1.0,0.0,1.0,-0.5,-0.25,-6.48,0.0,,,,,,,,,,,,,,,,,,,,,,,,,,,,,,,,,,
2026-03-21_5386,2026-03-21,2026-03-21 09:50:43,2026-03-20,5386,青雲,上櫃,5386.TWO,C,39,站上季線、季線向上、量增、股價站上20日線,397.0,691056,1.34,71.5422,58.9128,12.6293,395.9,350.05,278.35,152.36,444.23,278.35,112.47,1.1919,買點：先等站穩季線 152.36 或 MACD 更明確轉強。,停損：若跌破 20 日線 278.35 宜保守。,目標：以觀察為主，暫不主動追價。,0.0,0.0,0.0,1.0,1.0,1.0,0.0,1.0,-19.14,-34.38,-23.55,0.0,,,,,,,,,,,,,,,,,,,,,,,,,,,,,,,,,,
2026-03-21_6138,2026-03-21,2026-03-21 09:50:48,2026-03-20,6138,茂達,上櫃,6138.TWO,C,39,站上季線、季線向上、量增、股價站上20日線,229.5,837813,1.34,-1.4043,-2.2112,0.8069,230.1,227.75,229.1,229.35,243.04,229.1,215.16,0.1217,買點：先等站穩季線 229.35 或 MACD 更明確轉強。,停損：若跌破 20 日線 229.10 宜保守。,目標：以觀察為主，暫不主動追價。,0.0,0.0,0.0,1.0,1.0,1.0,0.0,1.0,-1.74,-4.36,-8.06,0.0,,,,,,,,,,,,,,,,,,,,,,,,,,,,,,,,,,
2026-03-21_8410,2026-03-21,2026-03-21 09:51:12,2026-03-20,8410,森田,上櫃,8410.TWO,C,39,站上季線、季線向上、量增、股價站上20日線,37.2,57374,1.28,-0.0522,-0.1471,0.0949,37.16,36.86,36.95,37.01,38.15,36.95,35.75,0.0648,買點：先等站穩季線 37.01 或 MACD 更明確轉強。,停損：若跌破 20 日線 36.95 宜保守。,目標：以觀察為主，暫不主動追價。,0.0,0.0,0.0,1.0,1.0,1.0,0.0,1.0,-1.08,-1.61,-4.03,0.0,,,,,,,,,,,,,,,,,,,,,,,,,,,,,,,,,,
2026-03-21_4979,2026-03-21,2026-03-21 09:50:39,2026-03-20,4979,華星光,上櫃,4979.TWO,C,39,站上季線、季線向上、量增、股價站上20日線,404.5,27894117,1.27,16.7175,19.8705,-3.153,400.2,386.4,394.52,328.35,463.53,394.52,325.52,0.3498,買點：先等站穩季線 328.35 或 MACD 更明確轉強。,停損：若跌破 20 日線 394.52 宜保守。,目標：以觀察為主，暫不主動追價。,0.0,0.0,0.0,1.0,1.0,1.0,0.0,1.0,5.19,-1.98,0.0,0.0,,,,,,,,,,,,,,,,,,,,,,,,,,,,,,,,,,
2026-03-21_6515,2026-03-21,2026-03-21 09:50:58,2026-03-20,6515,穎崴,上市,6515.TW,C,37,站上季線、季線向上、突破布林上軌、股價站上20日線,7930.0,441900,0.95,812.9524,605.6293,207.3232,7028.0,6411.0,5637.25,4202.92,7603.24,5637.25,3671.26,0.6975,買點：先等站穩季線 4202.92 或 MACD 更明確轉強。,停損：若跌破 20 日線 5637.25 宜保守。,目標：以觀察為主，暫不主動追價。,0.0,0.0,0.0,1.0,1.0,0.0,1.0,1.0,6.56,-0.19,-10.47,0.0,,,,,,,,,,,,,,,,,,,,,,,,,,,,,,,,,,
2026-03-21_2906,2026-03-21,2026-03-21 09:50:12,2026-03-20,2906,高林,上市,2906.TW,C,37,站上季線、季線向上、突破布林上軌、股價站上20日線,13.2,121294,0.54,0.1238,0.0543,0.0696,12.95,12.79,12.68,12.64,13.16,12.68,12.21,0.0752,買點：先等站穩季線 12.64 或 MACD 更明確轉強。,停損：若跌破 20 日線 12.68 宜保守。,目標：以觀察為主，暫不主動追價。,0.0,0.0,0.0,1.0,1.0,0.0,1.0,1.0,0.38,-1.52,-2.27,0.0,,,,,,,,,,,,,,,,,,,,,,,,,,,,,,,,,,
2026-03-21_8409,2026-03-21,2026-03-21 09:51:12,2026-03-20,8409,商之器,上櫃,8409.TWO,C,35,5日/10日黃金交叉、量增、股價站上20日線,20.85,81138,2.6,-0.1354,-0.1759,0.0405,20.47,20.4,20.57,21.06,21.12,20.57,20.02,0.0531,買點：先等站穩季線 21.06 或 MACD 更明確轉強。,停損：若跌破 20 日線 20.57 宜保守。,目標：以觀察為主，暫不主動追價。,0.0,0.0,1.0,0.0,0.0,1.0,0.0,1.0,0.0,0.0,0.0,0.0,,,,,,,,,,,,,,,,,,,,,,,,,,,,,,,,,,
2026-03-21_1732,2026-03-21,2026-03-21 09:49:53,2026-03-20,1732,毛寶,上市,1732.TW,C,30,5日/10日黃金交叉、量增,26.0,196418,1.52,-0.4643,-0.4517,-0.0126,26.29,26.29,26.75,27.73,27.97,26.75,25.53,0.0911,買點：先等站穩季線 27.73 或 MACD 更明確轉強。,停損：若跌破 20 日線 26.75 宜保守。,目標：以觀察為主，暫不主動追價。,0.0,0.0,1.0,0.0,0.0,1.0,0.0,0.0,0.96,0.77,0.96,0.0,,,,,,,,,,,,,,,,,,,,,,,,,,,,,,,,,,
2026-03-21_3521,2026-03-21,2026-03-21 09:50:23,2026-03-20,3521,鴻翊,上櫃,3521.TWO,C,29,站上季線、量增、股價站上20日線,15.05,321099,2.72,-0.2418,-0.2005,-0.0414,14.12,14.16,14.67,14.7,15.91,14.67,13.43,0.1692,買點：先等站穩季線 14.70 或 MACD 更明確轉強。,停損：若跌破 20 日線 14.67 宜保守。,目標：以觀察為主，暫不主動追價。,0.0,0.0,0.0,1.0,0.0,1.0,0.0,1.0,-8.64,-7.97,-14.62,0.0,,,,,,,,,,,,,,,,,,,,,,,,,,,,,,,,,,
2026-03-21_6590,2026-03-21,2026-03-21 09:51:00,2026-03-20,6590,普鴻,上櫃,6590.TWO,C,29,站上季線、量增、股價站上20日線,73.6,54427,2.71,0.2068,-0.1133,0.3201,73.22,72.75,71.92,73.35,74.17,71.92,69.67,0.0627,買點：先等站穩季線 73.35 或 MACD 更明確轉強。,停損：若跌破 20 日線 71.92 宜保守。,目標：以觀察為主，暫不主動追價。,0.0,0.0,0.0,1.0,0.0,1.0,0.0,1.0,-0.41,-1.22,-4.89,0.0,,,,,,,,,,,,,,,,,,,,,,,,,,,,,,,,,,
2026-03-21_5244,2026-03-21,2026-03-21 09:50:40,2026-03-20,5244,弘凱,上市,5244.TW,C,29,站上季線、量增、股價站上20日線,39.55,1982651,2.29,-0.2885,-0.636,0.3475,37.25,36.13,37.12,38.59,40.48,37.12,33.77,0.1806,買點：先等站穩季線 38.59 或 MACD 更明確轉強。,停損：若跌破 20 日線 37.12 宜保守。,目標：以觀察為主，暫不主動追價。,0.0,0.0,0.0,1.0,0.0,1.0,0.0,1.0,4.8,-3.41,-0.38,0.0,,,,,,,,,,,,,,,,,,,,,,,,,,,,,,,,,,
2026-03-21_5439,2026-03-21,2026-03-21 09:50:44,2026-03-20,5439,高技,上櫃,5439.TWO,C,29,站上季線、量增、股價站上20日線,306.0,9099047,2.23,-3.7053,-7.98,4.2747,283.8,272.85,279.7,299.87,312.95,279.7,246.45,0.2378,買點：先等站穩季線 299.87 或 MACD 更明確轉強。,停損：若跌破 20 日線 279.70 宜保守。,目標：以觀察為主，暫不主動追價。,0.0,0.0,0.0,1.0,0.0,1.0,0.0,1.0,-6.21,-0.65,-8.99,0.0,,,,,,,,,,,,,,,,,,,,,,,,,,,,,,,,,,
2026-03-21_2916,2026-03-21,2026-03-21 09:50:12,2026-03-20,2916,滿心,上櫃,2916.TWO,C,29,站上季線、量增、股價站上20日線,48.5,69870,1.69,0.2601,0.1592,0.1009,47.82,47.87,47.36,47.67,48.82,47.36,45.91,0.0613,買點：先等站穩季線 47.67 或 MACD 更明確轉強。,停損：若跌破 20 日線 47.36 宜保守。,目標：以觀察為主，暫不主動追價。,0.0,0.0,0.0,1.0,0.0,1.0,0.0,1.0,-0.62,-0.93,-1.44,0.0,,,,,,,,,,,,,,,,,,,,,,,,,,,,,,,,,,
2026-03-21_2732,2026-03-21,2026-03-21 09:50:09,2026-03-20,2732,六角,上櫃,2732.TWO,C,29,站上季線、量增、股價站上20日線,68.7,80770,1.48,0.1506,-0.4269,0.5776,67.14,66.29,65.61,67.75,68.96,65.61,62.27,0.1018,買點：先等站穩季線 67.75 或 MACD 更明確轉強。,停損：若跌破 20 日線 65.61 宜保守。,目標：以觀察為主，暫不主動追價。,0.0,0.0,0.0,1.0,0.0,1.0,0.0,1.0,-2.47,0.87,-3.64,0.0,,,,,,,,,,,,,,,,,,,,,,,,,,,,,,,,,,
2026-03-21_6661,2026-03-21,2026-03-21 09:51:02,2026-03-20,6661,威健生技,上櫃,6661.TWO,C,29,站上季線、量增、股價站上20日線,18.9,8010,1.42,-0.0432,-0.0706,0.0274,18.76,18.65,18.66,18.79,19.0,18.66,18.31,0.0365,買點：先等站穩季線 18.79 或 MACD 更明確轉強。,停損：若跌破 20 日線 18.66 宜保守。,目標：以觀察為主，暫不主動追價。,0.0,0.0,0.0,1.0,0.0,1.0,0.0,1.0,0.53,2.38,-3.17,0.0,,,,,,,,,,,,,,,,,,,,,,,,,,,,,,,,,,
2026-03-21_1459,2026-03-21,2026-03-21 09:49:46,2026-03-20,1459,聯發,上市,1459.TW,C,28,5日/10日黃金交叉、季線向上,11.7,104985,0.77,-0.0465,-0.0158,-0.0307,11.77,11.75,11.94,11.85,12.44,11.94,11.44,0.0844,買點：先等站穩季線 11.85 或 MACD 更明確轉強。,停損：若跌破 20 日線 11.94 宜保守。,目標：以觀察為主，暫不主動追價。,0.0,0.0,1.0,0.0,1.0,0.0,0.0,0.0,-0.43,0.85,-0.43,0.0,,,,,,,,,,,,,,,,,,,,,,,,,,,,,,,,,,
2026-03-21_4130,2026-03-21,2026-03-21 09:50:29,2026-03-20,4130,健亞,上櫃,4130.TWO,C,28,5日/10日黃金交叉、季線向上,30.4,2246967,0.59,0.2383,0.5324,-0.2941,32.71,32.71,32.55,30.97,35.36,32.55,29.74,0.1728,買點：先等站穩季線 30.97 或 MACD 更明確轉強。,停損：若跌破 20 日線 32.55 宜保守。,目標：以觀察為主，暫不主動追價。,0.0,0.0,1.0,0.0,1.0,0.0,0.0,0.0,2.3,5.1,14.14,1.0,,,,,,,,,,,,,,,,,,,,,,,,,,,,,,,,,,
2026-03-21_2465,2026-03-21,2026-03-21 09:50:04,2026-03-20,2465,麗臺,上市,2465.TW,C,27,站上季線、季線向上、股價站上20日線,62.8,1980392,1.12,2.0003,0.4226,1.5777,61.52,57.32,54.64,56.79,63.96,54.64,45.31,0.3413,買點：先等站穩季線 56.79 或 MACD 更明確轉強。,停損：若跌破 20 日線 54.64 宜保守。,目標：以觀察為主，暫不主動追價。,0.0,0.0,0.0,1.0,1.0,0.0,0.0,1.0,-11.46,-13.06,-13.54,0.0,,,,,,,,,,,,,,,,,,,,,,,,,,,,,,,,,,
2026-03-21_3324,2026-03-21,2026-03-21 09:50:20,2026-03-20,3324,雙鴻,上櫃,3324.TWO,C,27,站上季線、季線向上、股價站上20日線,1065.0,4509711,1.01,13.1403,10.6962,2.4441,1050.0,1021.7,1040.3,993.48,1168.72,1040.3,911.88,0.2469,買點：先等站穩季線 993.48 或 MACD 更明確轉強。,停損：若跌破 20 日線 1040.30 宜保守。,目標：以觀察為主，暫不主動追價。,0.0,0.0,0.0,1.0,1.0,0.0,0.0,1.0,-2.82,-6.76,-13.8,0.0,,,,,,,,,,,,,,,,,,,,,,,,,,,,,,,,,,
2026-03-21_6456,2026-03-21,2026-03-21 09:50:57,2026-03-20,6456,GIS-KY,上市,6456.TW,C,27,站上季線、季線向上、股價站上20日線,63.6,17031370,1.0,5.0888,4.6885,0.4003,62.34,61.62,55.99,46.96,71.25,55.99,40.72,0.5453,買點：先等站穩季線 46.96 或 MACD 更明確轉強。,停損：若跌破 20 日線 55.99 宜保守。,目標：以觀察為主，暫不主動追價。,0.0,0.0,0.0,1.0,1.0,0.0,0.0,1.0,-5.03,-7.23,-13.52,0.0,,,,,,,,,,,,,,,,,,,,,,,,,,,,,,,,,,
2026-03-21_6592,2026-03-21,2026-03-21 09:51:01,2026-03-20,6592,和潤企業,上市,6592.TW,C,27,站上季線、季線向上、股價站上20日線,63.7,3647103,0.99,0.9777,0.5963,0.3813,64.28,63.34,61.42,61.11,66.03,61.42,56.8,0.1502,買點：先等站穩季線 61.11 或 MACD 更明確轉強。,停損：若跌破 20 日線 61.42 宜保守。,目標：以觀察為主，暫不主動追價。,0.0,0.0,0.0,1.0,1.0,0.0,0.0,1.0,1.57,-1.1,-2.51,0.0,,,,,,,,,,,,,,,,,,,,,,,,,,,,,,,,,,
2026-03-21_8096,2026-03-21,2026-03-21 09:51:09,2026-03-20,8096,擎亞,上櫃,8096.TWO,C,27,站上季線、季線向上、股價站上20日線,87.1,40040112,0.95,6.1318,4.5223,1.6095,85.34,78.61,73.28,61.54,89.97,73.28,56.58,0.4557,買點：先等站穩季線 61.54 或 MACD 更明確轉強。,停損：若跌破 20 日線 73.28 宜保守。,目標：以觀察為主，暫不主動追價。,0.0,0.0,0.0,1.0,1.0,0.0,0.0,1.0,2.18,4.94,7.92,1.0,,,,,,,,,,,,,,,,,,,,,,,,,,,,,,,,,,
2026-03-21_8421,2026-03-21,2026-03-21 09:51:13,2026-03-20,8421,旭源,上櫃,8421.TWO,C,27,站上季線、季線向上、股價站上20日線,13.8,69446,0.91,0.1439,0.102,0.0419,13.72,13.59,13.44,13.31,13.9,13.44,12.98,0.0688,買點：先等站穩季線 13.31 或 MACD 更明確轉強。,停損：若跌破 20 日線 13.44 宜保守。,目標：以觀察為主，暫不主動追價。,0.0,0.0,0.0,1.0,1.0,0.0,0.0,1.0,-1.45,0.0,-1.45,0.0,,,,,,,,,,,,,,,,,,,,,,,,,,,,,,,,,,
2026-03-21_6182,2026-03-21,2026-03-21 09:50:50,2026-03-20,6182,合晶,上櫃,6182.TWO,C,27,站上季線、季線向上、股價站上20日線,36.95,19874371,0.88,0.1364,-0.3392,0.4756,35.5,34.09,34.24,34.56,37.5,34.24,30.97,0.1908,買點：先等站穩季線 34.56 或 MACD 更明確轉強。,停損：若跌破 20 日線 34.24 宜保守。,目標：以觀察為主，暫不主動追價。,0.0,0.0,0.0,1.0,1.0,0.0,0.0,1.0,-6.36,-5.55,-16.92,0.0,,,,,,,,,,,,,,,,,,,,,,,,,,,,,,,,,,
2026-03-21_1723,2026-03-21,2026-03-21 09:49:52,2026-03-20,1723,中碳,上市,1723.TW,C,27,站上季線、季線向上、股價站上20日線,74.0,1234783,0.87,0.8887,0.3623,0.5264,75.32,72.9,72.09,71.0,77.5,72.09,66.68,0.15,買點：先等站穩季線 71.00 或 MACD 更明確轉強。,停損：若跌破 20 日線 72.09 宜保守。,目標：以觀察為主，暫不主動追價。,0.0,0.0,0.0,1.0,1.0,0.0,0.0,1.0,-2.03,9.05,14.59,1.0,,,,,,,,,,,,,,,,,,,,,,,,,,,,,,,,,,
2026-03-21_8431,2026-03-21,2026-03-21 09:51:13,2026-03-20,8431,匯鑽科,上櫃,8431.TWO,C,27,站上季線、季線向上、股價站上20日線,69.1,2426715,0.87,1.6813,1.2978,0.3834,70.44,68.66,67.62,66.56,74.77,67.62,60.48,0.2112,買點：先等站穩季線 66.56 或 MACD 更明確轉強。,停損：若跌破 20 日線 67.62 宜保守。,目標：以觀察為主，暫不主動追價。,0.0,0.0,0.0,1.0,1.0,0.0,0.0,1.0,-4.05,-5.35,-19.97,0.0,,,,,,,,,,,,,,,,,,,,,,,,,,,,,,,,,,
2026-03-21_6692,2026-03-21,2026-03-21 09:51:03,2026-03-20,6692,進能服,上櫃,6692.TWO,C,27,站上季線、季線向上、股價站上20日線,30.8,29542,0.85,0.0167,-0.0331,0.0498,30.91,30.91,30.77,30.78,32.09,30.77,29.45,0.0857,買點：先等站穩季線 30.78 或 MACD 更明確轉強。,停損：若跌破 20 日線 30.77 宜保守。,目標：以觀察為主，暫不主動追價。,0.0,0.0,0.0,1.0,1.0,0.0,0.0,1.0,-1.62,-0.16,5.03,0.0,,,,,,,,,,,,,,,,,,,,,,,,,,,,,,,,,,
2026-03-21_6292,2026-03-21,2026-03-21 09:50:54,2026-03-20,6292,迅德,上櫃,6292.TWO,C,27,站上季線、季線向上、股價站上20日線,46.8,460135,0.84,1.5747,0.777,0.7978,46.42,44.09,42.55,41.44,47.99,42.55,37.11,0.2556,買點：先等站穩季線 41.44 或 MACD 更明確轉強。,停損：若跌破 20 日線 42.55 宜保守。,目標：以觀察為主，暫不主動追價。,0.0,0.0,0.0,1.0,1.0,0.0,0.0,1.0,-6.52,2.67,-4.81,0.0,,,,,,,,,,,,,,,,,,,,,,,,,,,,,,,,,,
2026-03-21_2481,2026-03-21,2026-03-21 09:50:04,2026-03-20,2481,強茂,上市,2481.TW,C,27,站上季線、季線向上、股價站上20日線,94.8,24719855,0.82,2.9558,2.0985,0.8572,100.36,95.13,92.23,87.91,104.44,92.23,80.03,0.2646,買點：先等站穩季線 87.91 或 MACD 更明確轉強。,停損：若跌破 20 日線 92.23 宜保守。,目標：以觀察為主，暫不主動追價。,0.0,0.0,0.0,1.0,1.0,0.0,0.0,1.0,5.49,3.27,10.23,1.0,,,,,,,,,,,,,,,,,,,,,,,,,,,,,,,,,,
2026-03-21_1713,2026-03-21,2026-03-21 09:49:52,2026-03-20,1713,國化,上市,1713.TW,C,27,站上季線、季線向上、股價站上20日線,47.6,320808,0.82,-0.0629,-0.2513,0.1883,47.57,46.74,47.04,47.3,49.18,47.04,44.89,0.0912,買點：先等站穩季線 47.30 或 MACD 更明確轉強。,停損：若跌破 20 日線 47.04 宜保守。,目標：以觀察為主，暫不主動追價。,0.0,0.0,0.0,1.0,1.0,0.0,0.0,1.0,0.95,0.11,-3.05,0.0,,,,,,,,,,,,,,,,,,,,,,,,,,,,,,,,,,
2026-03-21_2461,2026-03-21,2026-03-21 09:50:04,2026-03-20,2461,光群雷,上市,2461.TW,C,27,站上季線、季線向上、股價站上20日線,16.75,686614,0.8,0.0072,-0.1154,0.1226,16.37,15.87,16.1,16.14,17.23,16.1,14.96,0.1411,買點：先等站穩季線 16.14 或 MACD 更明確轉強。,停損：若跌破 20 日線 16.10 宜保守。,目標：以觀察為主，暫不主動追價。,0.0,0.0,0.0,1.0,1.0,0.0,0.0,1.0,4.18,4.48,13.43,1.0,,,,,,,,,,,,,,,,,,,,,,,,,,,,,,,,,,
2026-03-21_6485,2026-03-21,2026-03-21 09:50:57,2026-03-20,6485,點序,上櫃,6485.TWO,C,27,站上季線、季線向上、股價站上20日線,92.3,1546705,0.79,-0.8511,-2.5087,1.6576,92.44,86.53,86.82,91.81,98.2,86.82,75.44,0.2621,買點：先等站穩季線 91.81 或 MACD 更明確轉強。,停損：若跌破 20 日線 86.82 宜保守。,目標：以觀察為主，暫不主動追價。,0.0,0.0,0.0,1.0,1.0,0.0,0.0,1.0,-3.9,-9.97,-15.71,0.0,,,,,,,,,,,,,,,,,,,,,,,,,,,,,,,,,,
2026-03-21_2355,2026-03-21,2026-03-21 09:50:00,2026-03-20,2355,敬鵬,上市,2355.TW,C,27,站上季線、季線向上、股價站上20日線,45.5,16051081,0.74,2.0967,1.8459,0.2508,45.89,43.98,42.8,37.42,47.29,42.8,38.31,0.2098,買點：先等站穩季線 37.42 或 MACD 更明確轉強。,停損：若跌破 20 日線 42.80 宜保守。,目標：以觀察為主，暫不主動追價。,0.0,0.0,0.0,1.0,1.0,0.0,0.0,1.0,-1.21,10.99,10.77,1.0,,,,,,,,,,,,,,,,,,,,,,,,,,,,,,,,,,
2026-03-21_3679,2026-03-21,2026-03-21 09:50:27,2026-03-20,3679,新至陞,上市,3679.TW,C,27,站上季線、季線向上、股價站上20日線,121.0,50854,0.73,1.1684,0.8978,0.2706,120.0,118.25,118.2,115.52,121.77,118.2,114.63,0.0604,買點：先等站穩季線 115.52 或 MACD 更明確轉強。,停損：若跌破 20 日線 118.20 宜保守。,目標：以觀察為主，暫不主動追價。,0.0,0.0,0.0,1.0,1.0,0.0,0.0,1.0,-0.83,-1.65,-2.89,0.0,,,,,,,,,,,,,,,,,,,,,,,,,,,,,,,,,,
2026-03-21_6761,2026-03-21,2026-03-21 09:51:04,2026-03-20,6761,穩得,上櫃,6761.TWO,C,27,站上季線、季線向上、股價站上20日線,164.0,1126753,0.7,5.8184,5.6429,0.1755,168.2,164.15,160.62,145.87,174.98,160.62,146.27,0.1787,買點：先等站穩季線 145.87 或 MACD 更明確轉強。,停損：若跌破 20 日線 160.62 宜保守。,目標：以觀察為主，暫不主動追價。,0.0,0.0,0.0,1.0,1.0,0.0,0.0,1.0,15.24,4.57,-3.35,1.0,,,,,,,,,,,,,,,,,,,,,,,,,,,,,,,,,,
2026-03-21_4949,2026-03-21,2026-03-21 09:50:37,2026-03-20,4949,有成精密,上市,4949.TW,C,27,站上季線、季線向上、股價站上20日線,66.0,5712482,0.69,6.226,4.7281,1.4979,67.74,62.61,55.22,45.99,73.45,55.22,37.0,0.66,買點：先等站穩季線 45.99 或 MACD 更明確轉強。,停損：若跌破 20 日線 55.22 宜保守。,目標：以觀察為主，暫不主動追價。,0.0,0.0,0.0,1.0,1.0,0.0,0.0,1.0,-0.76,6.67,-1.06,1.0,,,,,,,,,,,,,,,,,,,,,,,,,,,,,,,,,,
2026-03-21_1337,2026-03-21,2026-03-21 09:49:44,2026-03-20,1337,再生-KY,上市,1337.TW,C,27,站上季線、季線向上、股價站上20日線,6.25,1517797,0.69,0.223,0.1679,0.055,6.13,6.01,5.69,5.32,6.42,5.69,4.95,0.2585,買點：先等站穩季線 5.32 或 MACD 更明確轉強。,停損：若跌破 20 日線 5.69 宜保守。,目標：以觀察為主，暫不主動追價。,0.0,0.0,0.0,1.0,1.0,0.0,0.0,1.0,-1.44,-2.08,-2.72,0.0,,,,,,,,,,,,,,,,,,,,,,,,,,,,,,,,,,
2026-03-21_6488,2026-03-21,2026-03-21 09:50:57,2026-03-20,6488,環球晶,上櫃,6488.TWO,C,27,站上季線、季線向上、股價站上20日線,469.0,2456435,0.66,0.0964,-3.0266,3.123,462.6,451.8,450.02,451.12,482.96,450.02,417.09,0.1464,買點：先等站穩季線 451.12 或 MACD 更明確轉強。,停損：若跌破 20 日線 450.02 宜保守。,目標：以觀察為主，暫不主動追價。,0.0,0.0,0.0,1.0,1.0,0.0,0.0,1.0,-4.05,-4.58,-12.15,0.0,,,,,,,,,,,,,,,,,,,,,,,,,,,,,,,,,,
2026-03-21_6282,2026-03-21,2026-03-21 09:50:54,2026-03-20,6282,康舒,上市,6282.TW,C,27,站上季線、季線向上、股價站上20日線,49.15,24038066,0.66,-0.1131,-0.5505,0.4374,49.6,47.52,48.39,48.41,54.05,48.39,42.74,0.2336,買點：先等站穩季線 48.41 或 MACD 更明確轉強。,停損：若跌破 20 日線 48.39 宜保守。,目標：以觀察為主，暫不主動追價。,0.0,0.0,0.0,1.0,1.0,0.0,0.0,1.0,-2.54,-0.51,-13.12,0.0,,,,,,,,,,,,,,,,,,,,,,,,,,,,,,,,,,
2026-03-21_2897,2026-03-21,2026-03-21 09:50:11,2026-03-20,2897,王道銀行,上市,2897.TW,C,27,站上季線、季線向上、股價站上20日線,9.86,2914467,0.66,0.144,0.154,-0.01,9.91,9.86,9.81,9.38,10.01,9.81,9.61,0.0409,買點：先等站穩季線 9.38 或 MACD 更明確轉強。,停損：若跌破 20 日線 9.81 宜保守。,目標：以觀察為主，暫不主動追價。,0.0,0.0,0.0,1.0,1.0,0.0,0.0,1.0,0.71,2.43,1.93,0.0,,,,,,,,,,,,,,,,,,,,,,,,,,,,,,,,,,
2026-03-21_6435,2026-03-21,2026-03-21 09:50:56,2026-03-20,6435,大中,上櫃,6435.TWO,C,27,站上季線、季線向上、股價站上20日線,166.5,855882,0.63,8.4355,7.3842,1.0513,167.7,161.95,153.15,134.97,176.04,153.15,130.26,0.2989,買點：先等站穩季線 134.97 或 MACD 更明確轉強。,停損：若跌破 20 日線 153.15 宜保守。,目標：以觀察為主，暫不主動追價。,0.0,0.0,0.0,1.0,1.0,0.0,0.0,1.0,2.4,-5.71,-2.4,0.0,,,,,,,,,,,,,,,,,,,,,,,,,,,,,,,,,,
2026-03-21_5443,2026-03-21,2026-03-21 09:50:44,2026-03-20,5443,均豪,上櫃,5443.TWO,C,27,站上季線、季線向上、股價站上20日線,102.5,5748227,0.59,3.3287,2.1642,1.1645,103.2,99.0,94.42,92.22,106.8,94.42,82.04,0.2622,買點：先等站穩季線 92.22 或 MACD 更明確轉強。,停損：若跌破 20 日線 94.42 宜保守。,目標：以觀察為主，暫不主動追價。,0.0,0.0,0.0,1.0,1.0,0.0,0.0,1.0,3.41,1.46,-1.46,0.0,,,,,,,,,,,,,,,,,,,,,,,,,,,,,,,,,,
2026-03-21_6509,2026-03-21,2026-03-21 09:50:58,2026-03-20,6509,聚和,上櫃,6509.TWO,C,27,站上季線、季線向上、股價站上20日線,43.95,7916627,0.59,2.2713,1.8645,0.4067,44.76,42.43,41.09,36.35,45.95,41.09,36.23,0.2366,買點：先等站穩季線 36.35 或 MACD 更明確轉強。,停損：若跌破 20 日線 41.09 宜保守。,目標：以觀察為主，暫不主動追價。,0.0,0.0,0.0,1.0,1.0,0.0,0.0,1.0,3.07,3.75,-2.16,1.0,,,,,,,,,,,,,,,,,,,,,,,,,,,,,,,,,,
2026-03-21_4414,2026-03-21,2026-03-21 09:50:31,2026-03-20,4414,如興,上市,4414.TW,C,27,站上季線、季線向上、股價站上20日線,11.75,684953,0.54,0.2942,0.1044,0.1899,11.47,10.99,10.58,10.85,11.8,10.58,9.37,0.2289,買點：先等站穩季線 10.85 或 MACD 更明確轉強。,停損：若跌破 20 日線 10.58 宜保守。,目標：以觀察為主，暫不主動追價。,0.0,0.0,0.0,1.0,1.0,0.0,0.0,1.0,3.83,-0.85,0.43,0.0,,,,,,,,,,,,,,,,,,,,,,,,,,,,,,,,,,
2026-03-21_3339,2026-03-21,2026-03-21 09:50:21,2026-03-20,3339,泰谷,上櫃,3339.TWO,C,27,站上季線、季線向上、股價站上20日線,32.95,2040936,0.53,1.3878,0.8364,0.5515,32.87,30.87,29.23,27.86,34.86,29.23,23.6,0.3849,買點：先等站穩季線 27.86 或 MACD 更明確轉強。,停損：若跌破 20 日線 29.23 宜保守。,目標：以觀察為主，暫不主動追價。,0.0,0.0,0.0,1.0,1.0,0.0,0.0,1.0,24.28,18.82,25.49,1.0,,,,,,,,,,,,,,,,,,,,,,,,,,,,,,,,,,
2026-03-21_2340,2026-03-21,2026-03-21 09:49:59,2026-03-20,2340,台亞,上市,2340.TW,C,27,站上季線、季線向上、股價站上20日線,28.85,3731875,0.51,0.6222,0.2229,0.3993,28.84,27.27,26.71,26.84,29.8,26.71,23.63,0.231,買點：先等站穩季線 26.84 或 MACD 更明確轉強。,停損：若跌破 20 日線 26.71 宜保守。,目標：以觀察為主，暫不主動追價。,0.0,0.0,0.0,1.0,1.0,0.0,0.0,1.0,-1.91,-7.11,-4.51,0.0,,,,,,,,,,,,,,,,,,,,,,,,,,,,,,,,,,
2026-03-21_6246,2026-03-21,2026-03-21 09:50:53,2026-03-20,6246,臺龍,上櫃,6246.TWO,C,27,站上季線、季線向上、股價站上20日線,16.3,87788,0.47,0.8441,0.5444,0.2998,16.38,15.59,14.32,13.87,17.49,14.32,11.16,0.4418,買點：先等站穩季線 13.87 或 MACD 更明確轉強。,停損：若跌破 20 日線 14.32 宜保守。,目標：以觀察為主，暫不主動追價。,0.0,0.0,0.0,1.0,1.0,0.0,0.0,1.0,-0.0,0.61,4.29,0.0,,,,,,,,,,,,,,,,,,,,,,,,,,,,,,,,,,
2026-03-21_4442,2026-03-21,2026-03-21 09:50:31,2026-03-20,4442,竣邦-KY,上櫃,4442.TWO,C,27,站上季線、季線向上、股價站上20日線,60.3,33215,0.42,1.1094,0.6435,0.4659,61.06,60.16,57.88,58.51,63.18,57.88,52.59,0.1829,買點：先等站穩季線 58.51 或 MACD 更明確轉強。,停損：若跌破 20 日線 57.88 宜保守。,目標：以觀察為主，暫不主動追價。,0.0,0.0,0.0,1.0,1.0,0.0,0.0,1.0,0.33,4.31,3.65,1.0,,,,,,,,,,,,,,,,,,,,,,,,,,,,,,,,,,
2026-03-21_3093,2026-03-21,2026-03-21 09:50:16,2026-03-20,3093,港建*,上櫃,3093.TWO,C,27,站上季線、季線向上、股價站上20日線,48.55,1731359,0.42,6.0278,4.0324,1.9954,48.51,42.06,35.01,28.68,52.53,35.01,17.48,1.0012,買點：先等站穩季線 28.68 或 MACD 更明確轉強。,停損：若跌破 20 日線 35.01 宜保守。,目標：以觀察為主，暫不主動追價。,0.0,0.0,0.0,1.0,1.0,0.0,0.0,1.0,-14.21,-9.17,8.34,0.0,,,,,,,,,,,,,,,,,,,,,,,,,,,,,,,,,,
2026-03-21_4973,2026-03-21,2026-03-21 09:50:39,2026-03-20,4973,廣穎,上櫃,4973.TWO,C,27,站上季線、季線向上、股價站上20日線,88.4,2664285,0.4,11.0924,6.1985,4.8939,86.2,71.15,57.93,49.05,93.79,57.93,22.07,1.238,買點：先等站穩季線 49.05 或 MACD 更明確轉強。,停損：若跌破 20 日線 57.93 宜保守。,目標：以觀察為主，暫不主動追價。,0.0,0.0,0.0,1.0,1.0,0.0,0.0,1.0,-19.8,-30.77,-21.61,0.0,,,,,,,,,,,,,,,,,,,,,,,,,,,,,,,,,,
2026-03-21_3206,2026-03-21,2026-03-21 09:50:17,2026-03-20,3206,志豐,上櫃,3206.TWO,C,27,站上季線、季線向上、股價站上20日線,38.55,263933,0.34,1.3833,1.2629,0.1204,38.87,37.24,36.64,33.5,40.96,36.64,32.32,0.236,買點：先等站穩季線 33.50 或 MACD 更明確轉強。,停損：若跌破 20 日線 36.64 宜保守。,目標：以觀察為主，暫不主動追價。,0.0,0.0,0.0,1.0,1.0,0.0,0.0,1.0,2.46,0.91,-1.69,0.0,,,,,,,,,,,,,,,,,,,,,,,,,,,,,,,,,,
2026-03-21_1735,2026-03-21,2026-03-21 09:49:53,2026-03-20,1735,日勝化,上市,1735.TW,C,27,站上季線、季線向上、股價站上20日線,28.95,1377322,0.3,3.152,2.0246,1.1274,29.38,25.14,21.89,18.84,31.37,21.89,12.41,0.8661,買點：先等站穩季線 18.84 或 MACD 更明確轉強。,停損：若跌破 20 日線 21.89 宜保守。,目標：以觀察為主，暫不主動追價。,0.0,0.0,0.0,1.0,1.0,0.0,0.0,1.0,-8.81,-5.87,-23.14,0.0,,,,,,,,,,,,,,,,,,,,,,,,,,,,,,,,,,
2026-03-21_3167,2026-03-21,2026-03-21 09:50:17,2026-03-20,3167,大量,上市,3167.TW,C,27,站上季線、季線向上、股價站上20日線,345.0,649244,0.17,28.6701,26.1451,2.5249,349.8,338.95,312.75,255.62,384.2,312.75,241.3,0.4569,買點：先等站穩季線 255.62 或 MACD 更明確轉強。,停損：若跌破 20 日線 312.75 宜保守。,目標：以觀察為主，暫不主動追價。,0.0,0.0,0.0,1.0,1.0,0.0,0.0,1.0,1.01,7.83,42.03,1.0,,,,,,,,,,,,,,,,,,,,,,,,,,,,,,,,,,
2026-03-21_1720,2026-03-21,2026-03-21 09:49:52,2026-03-20,1720,生達,上市,1720.TW,C,22,站上季線、季線向上,62.3,385528,1.17,0.3832,0.6022,-0.2191,63.28,63.35,63.45,61.39,66.08,63.45,60.82,0.0829,買點：先等站穩季線 61.39 或 MACD 更明確轉強。,停損：若跌破 20 日線 63.45 宜保守。,目標：以觀察為主，暫不主動追價。,0.0,0.0,0.0,1.0,1.0,0.0,0.0,0.0,1.12,0.64,2.57,0.0,,,,,,,,,,,,,,,,,,,,,,,,,,,,,,,,,,
2026-03-21_8443,2026-03-21,2026-03-21 09:51:13,2026-03-20,8443,阿瘦,上市,8443.TW,C,22,站上季線、季線向上,11.8,34842,1.11,0.0886,0.1073,-0.0187,11.84,11.83,11.81,11.46,11.99,11.81,11.62,0.0307,買點：先等站穩季線 11.46 或 MACD 更明確轉強。,停損：若跌破 20 日線 11.81 宜保守。,目標：以觀察為主，暫不主動追價。,0.0,0.0,0.0,1.0,1.0,0.0,0.0,0.0,0.42,1.69,2.54,0.0,,,,,,,,,,,,,,,,,,,,,,,,,,,,,,,,,,
2026-03-21_3374,2026-03-21,2026-03-21 09:50:21,2026-03-20,3374,精材,上櫃,3374.TWO,C,22,站上季線、季線向上,169.0,2884821,0.86,-0.1963,1.061,-1.2573,170.1,170.3,176.35,164.85,191.92,176.35,160.78,0.1766,買點：先等站穩季線 164.85 或 MACD 更明確轉強。,停損：若跌破 20 日線 176.35 宜保守。,目標：以觀察為主，暫不主動追價。,0.0,0.0,0.0,1.0,1.0,0.0,0.0,0.0,-2.37,-3.85,-7.4,0.0,,,,,,,,,,,,,,,,,,,,,,,,,,,,,,,,,,
2026-03-21_5434,2026-03-21,2026-03-21 09:50:43,2026-03-20,5434,崇越,上市,5434.TW,C,22,站上季線、季線向上,326.5,511494,0.84,1.4777,1.7881,-0.3104,330.3,327.8,330.32,318.68,350.65,330.32,310.0,0.1231,買點：先等站穩季線 318.68 或 MACD 更明確轉強。,停損：若跌破 20 日線 330.32 宜保守。,目標：以觀察為主，暫不主動追價。,0.0,0.0,0.0,1.0,1.0,0.0,0.0,0.0,-0.15,-2.45,10.41,0.0,,,,,,,,,,,,,,,,,,,,,,,,,,,,,,,,,,
2026-03-21_6505,2026-03-21,2026-03-21 09:50:58,2026-03-20,6505,台塑化,上市,6505.TW,C,22,站上季線、季線向上,56.2,22072557,0.84,1.5119,2.1184,-0.6065,57.06,58.94,57.39,51.67,65.1,57.39,49.68,0.2688,買點：先等站穩季線 51.67 或 MACD 更明確轉強。,停損：若跌破 20 日線 57.39 宜保守。,目標：以觀察為主，暫不主動追價。,0.0,0.0,0.0,1.0,1.0,0.0,0.0,0.0,-3.02,0.18,1.07,0.0,,,,,,,,,,,,,,,,,,,,,,,,,,,,,,,,,,
2026-03-21_4576,2026-03-21,2026-03-21 09:50:33,2026-03-20,4576,大銀微系統,上市,4576.TW,C,22,站上季線、季線向上,118.5,552967,0.75,1.0318,1.1715,-0.1397,120.3,119.0,119.08,114.83,126.81,119.08,111.34,0.1299,買點：先等站穩季線 114.83 或 MACD 更明確轉強。,停損：若跌破 20 日線 119.08 宜保守。,目標：以觀察為主，暫不主動追價。,0.0,0.0,0.0,1.0,1.0,0.0,0.0,0.0,8.86,14.35,14.35,1.0,,,,,,,,,,,,,,,,,,,,,,,,,,,,,,,,,,
2026-03-21_8255,2026-03-21,2026-03-21 09:51:11,2026-03-20,8255,朋程,上櫃,8255.TWO,C,22,站上季線、季線向上,125.5,212751,0.7,0.3328,-0.0072,0.3399,128.1,125.5,125.75,123.93,134.29,125.75,117.21,0.1357,買點：先等站穩季線 123.93 或 MACD 更明確轉強。,停損：若跌破 20 日線 125.75 宜保守。,目標：以觀察為主，暫不主動追價。,0.0,0.0,0.0,1.0,1.0,0.0,0.0,0.0,7.17,1.2,-2.39,0.0,,,,,,,,,,,,,,,,,,,,,,,,,,,,,,,,,,
2026-03-21_9949,2026-03-21,2026-03-21 09:51:17,2026-03-20,9949,琉園,上櫃,9949.TWO,C,22,站上季線、季線向上,27.25,27559,0.58,0.1851,0.4089,-0.2238,27.41,28.26,27.97,26.97,29.96,27.97,25.98,0.1426,買點：先等站穩季線 26.97 或 MACD 更明確轉強。,停損：若跌破 20 日線 27.97 宜保守。,目標：以觀察為主，暫不主動追價。,0.0,0.0,0.0,1.0,1.0,0.0,0.0,0.0,-0.18,0.55,17.61,0.0,,,,,,,,,,,,,,,,,,,,,,,,,,,,,,,,,,
2026-03-21_3018,2026-03-21,2026-03-21 09:50:13,2026-03-20,3018,隆銘綠能,上市,3018.TW,C,22,站上季線、季線向上,12.25,6983,0.57,0.0288,0.1317,-0.1029,12.5,12.45,12.82,12.11,13.72,12.82,11.92,0.1403,買點：先等站穩季線 12.11 或 MACD 更明確轉強。,停損：若跌破 20 日線 12.82 宜保守。,目標：以觀察為主，暫不主動追價。,0.0,0.0,0.0,1.0,1.0,0.0,0.0,0.0,-2.86,-3.67,-6.53,0.0,,,,,,,,,,,,,,,,,,,,,,,,,,,,,,,,,,
2026-03-21_4755,2026-03-21,2026-03-21 09:50:35,2026-03-20,4755,三福化,上市,4755.TW,C,22,站上季線、季線向上,145.5,1166027,0.53,6.1767,7.0602,-0.8835,149.9,150.6,146.18,126.55,164.04,146.18,128.31,0.2445,買點：先等站穩季線 126.55 或 MACD 更明確轉強。,停損：若跌破 20 日線 146.18 宜保守。,目標：以觀察為主，暫不主動追價。,0.0,0.0,0.0,1.0,1.0,0.0,0.0,0.0,4.81,0.69,-5.5,0.0,,,,,,,,,,,,,,,,,,,,,,,,,,,,,,,,,,
2026-03-21_2379,2026-03-21,2026-03-21 09:50:01,2026-03-20,2379,瑞昱,上市,2379.TW,C,17,量增、股價站上20日線,479.5,14282723,2.95,-2.9573,-5.7697,2.8124,479.6,475.9,472.32,493.16,491.89,472.32,452.76,0.0828,買點：先等站穩季線 493.16 或 MACD 更明確轉強。,停損：若跌破 20 日線 472.32 宜保守。,目標：以觀察為主，暫不主動追價。,0.0,0.0,0.0,0.0,0.0,1.0,0.0,1.0,1.98,3.13,4.07,1.0,,,,,,,,,,,,,,,,,,,,,,,,,,,,,,,,,,
2026-03-21_5508,2026-03-21,2026-03-21 09:50:45,2026-03-20,5508,永信建,上櫃,5508.TWO,C,17,量增、股價站上20日線,54.9,4582773,2.84,-1.3386,-1.8088,0.4702,54.7,53.64,54.42,60.06,58.17,54.42,50.67,0.1378,買點：先等站穩季線 60.06 或 MACD 更明確轉強。,停損：若跌破 20 日線 54.42 宜保守。,目標：以觀察為主，暫不主動追價。,0.0,0.0,0.0,0.0,0.0,1.0,0.0,1.0,-5.46,-6.19,-7.83,0.0,,,,,,,,,,,,,,,,,,,,,,,,,,,,,,,,,,
2026-03-21_1442,2026-03-21,2026-03-21 09:49:45,2026-03-20,1442,名軒,上市,1442.TW,C,17,量增、股價站上20日線,28.0,1324896,1.82,-0.5965,-0.722,0.1255,27.32,26.81,27.69,29.15,30.06,27.69,25.31,0.1715,買點：先等站穩季線 29.15 或 MACD 更明確轉強。,停損：若跌破 20 日線 27.69 宜保守。,目標：以觀察為主，暫不主動追價。,0.0,0.0,0.0,0.0,0.0,1.0,0.0,1.0,-3.39,-4.11,-1.79,0.0,,,,,,,,,,,,,,,,,,,,,,,,,,,,,,,,,,
2026-03-21_3011,2026-03-21,2026-03-21 09:50:13,2026-03-20,3011,今皓,上市,3011.TW,C,17,量增、股價站上20日線,13.15,1174527,1.51,-0.2084,-0.3184,0.11,12.68,12.49,12.68,13.69,13.47,12.68,11.89,0.1252,買點：先等站穩季線 13.69 或 MACD 更明確轉強。,停損：若跌破 20 日線 12.68 宜保守。,目標：以觀察為主，暫不主動追價。,0.0,0.0,0.0,0.0,0.0,1.0,0.0,1.0,-4.18,-5.32,-8.75,0.0,,,,,,,,,,,,,,,,,,,,,,,,,,,,,,,,,,
2026-03-21_1722,2026-03-21,2026-03-21 09:49:52,2026-03-20,1722,台肥,上市,1722.TW,C,17,站上季線、股價站上20日線,47.05,9456516,1.13,0.1384,0.129,0.0094,47.3,47.27,47.05,46.9,48.03,47.05,46.06,0.042,買點：先等站穩季線 46.90 或 MACD 更明確轉強。,停損：若跌破 20 日線 47.05 宜保守。,目標：以觀察為主，暫不主動追價。,0.0,0.0,0.0,1.0,0.0,0.0,0.0,1.0,-3.93,-2.44,-2.76,0.0,,,,,,,,,,,,,,,,,,,,,,,,,,,,,,,,,,
2026-03-21_2438,2026-03-21,2026-03-21 09:50:03,2026-03-20,2438,翔耀,上市,2438.TW,C,17,站上季線、股價站上20日線,23.0,385182,0.95,0.0544,-0.1687,0.2231,22.0,21.48,21.75,21.87,23.5,21.75,19.99,0.161,買點：先等站穩季線 21.87 或 MACD 更明確轉強。,停損：若跌破 20 日線 21.75 宜保守。,目標：以觀察為主，暫不主動追價。,0.0,0.0,0.0,1.0,0.0,0.0,0.0,1.0,-2.17,-0.87,-5.0,0.0,,,,,,,,,,,,,,,,,,,,,,,,,,,,,,,,,,
2026-03-21_1219,2026-03-21,2026-03-21 09:49:42,2026-03-20,1219,福壽,上市,1219.TW,C,17,站上季線、股價站上20日線,13.6,234093,0.78,0.0081,0.0089,-0.0008,13.56,13.59,13.57,13.52,13.78,13.57,13.35,0.0317,買點：先等站穩季線 13.52 或 MACD 更明確轉強。,停損：若跌破 20 日線 13.57 宜保守。,目標：以觀察為主，暫不主動追價。,0.0,0.0,0.0,1.0,0.0,0.0,0.0,1.0,1.1,2.21,1.47,0.0,,,,,,,,,,,,,,,,,,,,,,,,,,,,,,,,,,
2026-03-21_2850,2026-03-21,2026-03-21 09:50:10,2026-03-20,2850,新產,上市,2850.TW,C,17,站上季線、股價站上20日線,117.5,298026,0.72,0.5386,0.5298,0.0087,117.2,117.1,116.72,116.26,120.05,116.72,113.4,0.057,買點：先等站穩季線 116.26 或 MACD 更明確轉強。,停損：若跌破 20 日線 116.72 宜保守。,目標：以觀察為主，暫不主動追價。,0.0,0.0,0.0,1.0,0.0,0.0,0.0,1.0,-1.28,-0.43,-0.43,0.0,,,,,,,,,,,,,,,,,,,,,,,,,,,,,,,,,,
2026-03-21_1568,2026-03-21,2026-03-21 09:49:49,2026-03-20,1568,倉佑,上市,1568.TW,C,15,季線向上、股價站上20日線,22.6,91805,0.85,-0.1952,-0.3227,0.1274,22.47,22.12,22.2,22.95,23.23,22.2,21.17,0.0931,買點：先等站穩季線 22.95 或 MACD 更明確轉強。,停損：若跌破 20 日線 22.20 宜保守。,目標：以觀察為主，暫不主動追價。,0.0,0.0,0.0,0.0,1.0,0.0,0.0,1.0,-0.44,0.44,0.88,0.0,,,,,,,,,,,,,,,,,,,,,,,,,,,,,,,,,,
2026-03-21_1512,2026-03-21,2026-03-21 09:49:47,2026-03-20,1512,瑞利,上市,1512.TW,C,15,季線向上、股價站上20日線,7.7,122276,0.65,-0.0422,-0.0653,0.0231,7.72,7.63,7.64,7.74,8.27,7.64,7.01,0.1661,買點：先等站穩季線 7.74 或 MACD 更明確轉強。,停損：若跌破 20 日線 7.64 宜保守。,目標：以觀察為主，暫不主動追價。,0.0,0.0,0.0,0.0,1.0,0.0,0.0,1.0,0.13,-2.73,-4.94,0.0,,,,,,,,,,,,,,,,,,,,,,,,,,,,,,,,,,
2026-03-21_5353,2026-03-21,2026-03-21 09:50:42,2026-03-20,5353,台林,上櫃,5353.TWO,C,15,季線向上、股價站上20日線,25.0,24435,0.46,-0.2321,-0.4143,0.1822,24.91,24.32,24.56,25.8,26.02,24.56,23.11,0.1186,買點：先等站穩季線 25.80 或 MACD 更明確轉強。,停損：若跌破 20 日線 24.56 宜保守。,目標：以觀察為主，暫不主動追價。,0.0,0.0,0.0,0.0,1.0,0.0,0.0,1.0,-1.0,-0.6,-1.4,0.0,,,,,,,,,,,,,,,,,,,,,,,,,,,,,,,,,,
2026-03-21_8462,2026-03-21,2026-03-21 09:51:14,2026-03-20,8462,柏文,上市,8462.TW,C,5,股價站上20日線,143.0,325014,0.98,0.0312,-0.7266,0.7579,146.0,142.95,142.3,146.3,149.6,142.3,135.0,0.1026,買點：先等站穩季線 146.30 或 MACD 更明確轉強。,停損：若跌破 20 日線 142.30 宜保守。,目標：以觀察為主，暫不主動追價。,0.0,0.0,0.0,0.0,0.0,0.0,0.0,1.0,-0.7,1.05,-2.8,0.0,,,,,,,,,,,,,,,,,,,,,,,,,,,,,,,,,,
2026-03-21_5534,2026-03-21,2026-03-21 09:50:45,2026-03-20,5534,長虹,上市,5534.TW,C,5,股價站上20日線,77.0,1202033,0.98,-0.3103,-0.7361,0.4258,77.28,76.17,76.07,79.73,78.64,76.07,73.5,0.0675,買點：先等站穩季線 79.73 或 MACD 更明確轉強。,停損：若跌破 20 日線 76.07 宜保守。,目標：以觀察為主，暫不主動追價。,0.0,0.0,0.0,0.0,0.0,0.0,0.0,1.0,0.13,2.86,4.94,0.0,,,,,,,,,,,,,,,,,,,,,,,,,,,,,,,,,,
2026-03-21_6416,2026-03-21,2026-03-21 09:50:55,2026-03-20,6416,瑞祺電通,上市,6416.TW,C,5,股價站上20日線,82.5,103074,0.86,-0.5396,-0.9874,0.4477,82.02,81.03,81.0,84.63,84.33,81.0,77.68,0.0821,買點：先等站穩季線 84.63 或 MACD 更明確轉強。,停損：若跌破 20 日線 81.00 宜保守。,目標：以觀察為主，暫不主動追價。,0.0,0.0,0.0,0.0,0.0,0.0,0.0,1.0,-3.03,-2.79,-5.21,0.0,,,,,,,,,,,,,,,,,,,,,,,,,,,,,,,,,,
2026-03-21_3218,2026-03-21,2026-03-21 09:50:18,2026-03-20,3218,大學光,上櫃,3218.TWO,C,5,股價站上20日線,140.5,153243,0.83,-0.0862,-0.6854,0.5991,142.2,141.9,138.8,143.47,146.38,138.8,131.22,0.1092,買點：先等站穩季線 143.47 或 MACD 更明確轉強。,停損：若跌破 20 日線 138.80 宜保守。,目標：以觀察為主，暫不主動追價。,0.0,0.0,0.0,0.0,0.0,0.0,0.0,1.0,-1.42,-6.76,-5.69,0.0,,,,,,,,,,,,,,,,,,,,,,,,,,,,,,,,,,
2026-03-21_1580,2026-03-21,2026-03-21 09:49:49,2026-03-20,1580,新麥,上櫃,1580.TWO,C,5,股價站上20日線,131.0,25044,0.82,-0.063,-0.2427,0.1797,131.0,130.75,130.72,132.03,133.24,130.72,128.21,0.0385,買點：先等站穩季線 132.03 或 MACD 更明確轉強。,停損：若跌破 20 日線 130.72 宜保守。,目標：以觀察為主，暫不主動追價。,0.0,0.0,0.0,0.0,0.0,0.0,0.0,1.0,-1.15,-1.15,-1.53,0.0,,,,,,,,,,,,,,,,,,,,,,,,,,,,,,,,,,
2026-03-21_9935,2026-03-21,2026-03-21 09:51:17,2026-03-20,9935,慶豐富,上市,9935.TW,C,5,股價站上20日線,19.7,194957,0.62,0.0461,-0.1182,0.1643,19.78,19.36,19.11,19.79,20.28,19.11,17.94,0.1223,買點：先等站穩季線 19.79 或 MACD 更明確轉強。,停損：若跌破 20 日線 19.11 宜保守。,目標：以觀察為主，暫不主動追價。,0.0,0.0,0.0,0.0,0.0,0.0,0.0,1.0,0.76,-0.76,-4.31,0.0,,,,,,,,,,,,,,,,,,,,,,,,,,,,,,,,,,
2026-03-21_5457,2026-03-21,2026-03-21 09:50:44,2026-03-20,5457,宣德,上櫃,5457.TWO,C,5,股價站上20日線,35.15,685660,0.58,-0.5579,-0.9564,0.3985,35.45,34.16,34.69,37.67,37.96,34.69,31.41,0.1889,買點：先等站穩季線 37.67 或 MACD 更明確轉強。,停損：若跌破 20 日線 34.69 宜保守。,目標：以觀察為主，暫不主動追價。,0.0,0.0,0.0,0.0,0.0,0.0,0.0,1.0,-1.85,-0.28,-0.71,0.0,,,,,,,,,,,,,,,,,,,,,,,,,,,,,,,,,,
2026-03-21_6175,2026-03-21,2026-03-21 09:50:50,2026-03-20,6175,立敦,上櫃,6175.TWO,C,5,股價站上20日線,47.25,1355083,0.29,0.032,-0.5587,0.5906,49.55,47.09,46.53,49.82,51.91,46.53,41.15,0.2314,買點：先等站穩季線 49.82 或 MACD 更明確轉強。,停損：若跌破 20 日線 46.53 宜保守。,目標：以觀察為主，暫不主動追價。,0.0,0.0,0.0,0.0,0.0,0.0,0.0,1.0,-3.49,-4.02,-3.07,0.0,,,,,,,,,,,,,,,,,,,,,,,,,,,,,,,,,,
2026-03-21_1737,2026-03-21,2026-03-21 09:49:53,2026-03-20,1737,臺鹽,上市,1737.TW,-,22,季線向上、量增,31.5,182365,1.78,-0.0036,-0.0008,-0.0028,31.62,31.59,31.62,31.6,31.85,31.62,31.39,0.0148,買點：目前不屬優先進場型態。,停損：若持股請依個人資金控管。,目標：等待更明確訊號。,0.0,0.0,0.0,0.0,1.0,1.0,0.0,0.0,0.63,0.79,1.11,0.0,,,,,,,,,,,,,,,,,,,,,,,,,,,,,,,,,,
2026-03-21_2404,2026-03-21,2026-03-21 09:50:01,2026-03-20,2404,漢唐,上市,2404.TW,-,22,季線向上、量增,930.0,5970772,1.38,-10.8716,6.3207,-17.1923,935.2,994.6,1013.35,988.12,1146.36,1013.35,880.34,0.2625,買點：目前不屬優先進場型態。,停損：若持股請依個人資金控管。,目標：等待更明確訊號。,0.0,0.0,0.0,0.0,1.0,1.0,0.0,0.0,1.4,-5.38,-8.06,0.0,,,,,,,,,,,,,,,,,,,,,,,,,,,,,,,,,,
2026-03-21_1731,2026-03-21,2026-03-21 09:49:53,2026-03-20,1731,美吾華,上市,1731.TW,-,22,季線向上、量增,21.85,95835,1.3,-0.0185,-0.0059,-0.0126,21.86,21.87,21.94,21.88,22.15,21.94,21.73,0.0192,買點：目前不屬優先進場型態。,停損：若持股請依個人資金控管。,目標：等待更明確訊號。,0.0,0.0,0.0,0.0,1.0,1.0,0.0,0.0,-0.23,-0.23,-0.69,0.0,,,,,,,,,,,,,,,,,,,,,,,,,,,,,,,,,,
2026-03-21_3205,2026-03-21,2026-03-21 09:50:17,2026-03-20,3205,佰研,上櫃,3205.TWO,-,22,季線向上、量增,50.0,94667,1.25,0.1263,0.3081,-0.1818,50.54,50.91,51.2,50.52,52.35,51.2,50.05,0.0447,買點：目前不屬優先進場型態。,停損：若持股請依個人資金控管。,目標：等待更明確訊號。,0.0,0.0,0.0,0.0,1.0,1.0,0.0,0.0,4.4,13.0,18.6,1.0,,,,,,,,,,,,,,,,,,,,,,,,,,,,,,,,,,
2026-03-21_2606,2026-03-21,2026-03-21 09:50:07,2026-03-20,2606,裕民,上市,2606.TW,-,18,5日/10日黃金交叉,59.0,5620076,1.01,-0.8027,-0.333,-0.4697,60.42,60.38,62.89,62.06,68.87,62.89,56.91,0.1901,買點：目前不屬優先進場型態。,停損：若持股請依個人資金控管。,目標：等待更明確訊號。,0.0,0.0,1.0,0.0,0.0,0.0,0.0,0.0,2.37,-2.37,1.02,0.0,,,,,,,,,,,,,,,,,,,,,,,,,,,,,,,,,,
2026-03-21_1726,2026-03-21,2026-03-21 09:49:52,2026-03-20,1726,永記,上市,1726.TW,-,18,5日/10日黃金交叉,75.4,15229,0.96,-0.2079,-0.1061,-0.1018,75.64,75.59,76.31,76.09,78.04,76.31,74.58,0.0453,買點：目前不屬優先進場型態。,停損：若持股請依個人資金控管。,目標：等待更明確訊號。,0.0,0.0,1.0,0.0,0.0,0.0,0.0,0.0,0.4,0.13,-0.53,0.0,,,,,,,,,,,,,,,,,,,,,,,,,,,,,,,,,,
2026-03-21_8277,2026-03-21,2026-03-21 09:51:11,2026-03-20,8277,商丞,上櫃,8277.TWO,-,18,5日/10日黃金交叉,8.45,401096,0.89,-0.2673,-0.272,0.0047,8.55,8.5,8.78,9.23,9.52,8.78,8.04,0.1687,買點：目前不屬優先進場型態。,停損：若持股請依個人資金控管。,目標：等待更明確訊號。,0.0,0.0,1.0,0.0,0.0,0.0,0.0,0.0,-3.43,-4.62,-8.76,0.0,,,,,,,,,,,,,,,,,,,,,,,,,,,,,,,,,,
2026-03-21_6763,2026-03-21,2026-03-21 09:51:04,2026-03-20,6763,綠界科技,上櫃,6763.TWO,-,18,5日/10日黃金交叉,48.8,323775,0.85,-1.1331,-1.1671,0.034,49.7,49.68,50.64,54.03,53.34,50.64,47.93,0.1069,買點：目前不屬優先進場型態。,停損：若持股請依個人資金控管。,目標：等待更明確訊號。,0.0,0.0,1.0,0.0,0.0,0.0,0.0,0.0,-0.31,-1.74,-2.56,0.0,,,,,,,,,,,,,,,,,,,,,,,,,,,,,,,,,,
2026-03-21_2849,2026-03-21,2026-03-21 09:50:10,2026-03-20,2849,安泰銀,上市,2849.TW,-,18,5日/10日黃金交叉,12.9,94770,0.72,-0.1223,-0.0821,-0.0403,13.02,13.01,13.33,13.36,14.07,13.33,12.58,0.112,買點：目前不屬優先進場型態。,停損：若持股請依個人資金控管。,目標：等待更明確訊號。,0.0,0.0,1.0,0.0,0.0,0.0,0.0,0.0,1.55,0.78,1.16,0.0,,,,,,,,,,,,,,,,,,,,,,,,,,,,,,,,,,
2026-03-21_1454,2026-03-21,2026-03-21 09:49:46,2026-03-20,1454,台富,上市,1454.TW,-,18,5日/10日黃金交叉,12.9,11296,0.43,-0.2413,-0.2023,-0.039,12.87,12.86,13.27,13.33,14.39,13.27,12.14,0.1695,買點：目前不屬優先進場型態。,停損：若持股請依個人資金控管。,目標：等待更明確訊號。,0.0,0.0,1.0,0.0,0.0,0.0,0.0,0.0,0.39,0.39,-1.94,0.0,,,,,,,,,,,,,,,,,,,,,,,,,,,,,,,,,,
2026-03-21_6674,2026-03-21,2026-03-21 09:51:02,2026-03-20,6674,鋐寶科技,上市,6674.TW,-,18,5日/10日黃金交叉,19.15,9000,0.31,-0.3259,-0.3874,0.0615,18.97,18.75,19.23,19.99,20.49,19.23,17.96,0.1314,買點：目前不屬優先進場型態。,停損：若持股請依個人資金控管。,目標：等待更明確訊號。,0.0,0.0,1.0,0.0,0.0,0.0,0.0,0.0,-5.48,-4.18,-6.79,0.0,,,,,,,,,,,,,,,,,,,,,,,,,,,,,,,,,,
2026-03-21_2912,2026-03-21,2026-03-21 09:50:12,2026-03-20,2912,統一超,上市,2912.TW,-,12,量增,217.0,18090189,3.18,-0.6273,-0.3398,-0.2875,218.2,217.75,219.7,219.49,224.97,219.7,214.43,0.0479,買點：目前不屬優先進場型態。,停損：若持股請依個人資金控管。,目標：等待更明確訊號。,0.0,0.0,0.0,0.0,0.0,1.0,0.0,0.0,-0.46,3.0,6.45,1.0,,,,,,,,,,,,,,,,,,,,,,,,,,,,,,,,,,
2026-03-21_5703,2026-03-21,2026-03-21 09:50:46,2026-03-20,5703,亞都,上櫃,5703.TWO,-,12,量增,13.85,11394,2.91,-0.2148,-0.1807,-0.0341,13.98,14.1,14.25,14.7,14.73,14.25,13.77,0.0674,買點：目前不屬優先進場型態。,停損：若持股請依個人資金控管。,目標：等待更明確訊號。,0.0,0.0,0.0,0.0,0.0,1.0,0.0,0.0,0.0,-2.17,0.0,0.0,,,,,,,,,,,,,,,,,,,,,,,,,,,,,,,,,,
2026-03-21_6496,2026-03-21,2026-03-21 09:50:58,2026-03-20,6496,科懋,上櫃,6496.TWO,-,12,量增,26.0,15115,2.78,-0.3601,-0.3712,0.0111,26.5,26.58,26.74,28.07,27.75,26.74,25.74,0.0751,買點：目前不屬優先進場型態。,停損：若持股請依個人資金控管。,目標：等待更明確訊號。,0.0,0.0,0.0,0.0,0.0,1.0,0.0,0.0,5.38,4.23,4.23,1.0,,,,,,,,,,,,,,,,,,,,,,,,,,,,,,,,,,
2026-03-21_1796,2026-03-21,2026-03-21 09:49:54,2026-03-20,1796,金穎生技,上櫃,1796.TWO,-,12,量增,38.35,63086,1.95,-1.6811,-1.5463,-0.1348,38.55,38.88,40.82,44.55,44.99,40.82,36.65,0.2042,買點：目前不屬優先進場型態。,停損：若持股請依個人資金控管。,目標：等待更明確訊號。,0.0,0.0,0.0,0.0,0.0,1.0,0.0,0.0,-3.0,-7.04,7.17,0.0,,,,,,,,,,,,,,,,,,,,,,,,,,,,,,,,,,
2026-03-21_3115,2026-03-21,2026-03-21 09:50:16,2026-03-20,3115,富榮綱,上櫃,3115.TWO,-,12,量增,9.65,61198,1.95,-0.1414,-0.1176,-0.0238,9.81,9.93,9.99,10.3,10.27,9.99,9.72,0.0552,買點：目前不屬優先進場型態。,停損：若持股請依個人資金控管。,目標：等待更明確訊號。,0.0,0.0,0.0,0.0,0.0,1.0,0.0,0.0,1.66,-1.55,-1.76,0.0,,,,,,,,,,,,,,,,,,,,,,,,,,,,,,,,,,
2026-03-21_2719,2026-03-21,2026-03-21 09:50:08,2026-03-20,2719,燦星旅,上櫃,2719.TWO,-,12,量增,25.7,20122,1.86,-0.7181,-0.7521,0.0339,26.62,26.34,26.99,28.94,28.65,26.99,25.33,0.1233,買點：目前不屬優先進場型態。,停損：若持股請依個人資金控管。,目標：等待更明確訊號。,0.0,0.0,0.0,0.0,0.0,1.0,0.0,0.0,2.92,2.53,5.84,0.0,,,,,,,,,,,,,,,,,,,,,,,,,,,,,,,,,,
2026-03-21_6533,2026-03-21,2026-03-21 09:50:59,2026-03-20,6533,晶心科,上市,6533.TW,-,12,量增,191.0,1458501,1.56,-12.2712,-12.2518,-0.0194,185.1,187.85,199.6,227.28,229.84,199.6,169.36,0.303,買點：目前不屬優先進場型態。,停損：若持股請依個人資金控管。,目標：等待更明確訊號。,0.0,0.0,0.0,0.0,0.0,1.0,0.0,0.0,-1.31,-6.54,-7.33,0.0,,,,,,,,,,,,,,,,,,,,,,,,,,,,,,,,,,
2026-03-21_6294,2026-03-21,2026-03-21 09:50:55,2026-03-20,6294,智基,上櫃,6294.TWO,-,12,量增,40.45,42463,1.49,-0.9152,-0.8821,-0.0332,40.73,41.07,41.88,44.07,44.39,41.88,39.37,0.1198,買點：目前不屬優先進場型態。,停損：若持股請依個人資金控管。,目標：等待更明確訊號。,0.0,0.0,0.0,0.0,0.0,1.0,0.0,0.0,-0.25,0.0,-0.25,0.0,,,,,,,,,,,,,,,,,,,,,,,,,,,,,,,,,,
2026-03-21_1736,2026-03-21,2026-03-21 09:49:53,2026-03-20,1736,喬山,上市,1736.TW,-,12,量增,123.0,683565,1.37,-4.3467,-3.9861,-0.3606,128.4,129.85,132.72,142.88,143.69,132.72,121.76,0.1652,買點：目前不屬優先進場型態。,停損：若持股請依個人資金控管。,目標：等待更明確訊號。,0.0,0.0,0.0,0.0,0.0,1.0,0.0,0.0,2.85,1.22,-0.81,0.0,,,,,,,,,,,,,,,,,,,,,,,,,,,,,,,,,,
2026-03-21_4950,2026-03-21,2026-03-21 09:50:37,2026-03-20,4950,牧東,上櫃,4950.TWO,-,12,量增,14.5,34060,1.32,-0.7558,-0.7401,-0.0158,14.89,15.44,15.61,17.54,16.95,15.61,14.27,0.172,買點：目前不屬優先進場型態。,停損：若持股請依個人資金控管。,目標：等待更明確訊號。,0.0,0.0,0.0,0.0,0.0,1.0,0.0,0.0,0.0,7.93,13.79,1.0,,,,,,,,,,,,,,,,,,,,,,,,,,,,,,,,,,
2026-03-21_6835,2026-03-21,2026-03-21 09:51:05,2026-03-20,6835,圓裕,上市,6835.TW,-,12,量增,37.8,311061,1.29,-0.2869,-0.127,-0.1599,38.46,38.6,39.25,39.05,41.15,39.25,37.36,0.0968,買點：目前不屬優先進場型態。,停損：若持股請依個人資金控管。,目標：等待更明確訊號。,0.0,0.0,0.0,0.0,0.0,1.0,0.0,0.0,2.65,1.06,0.26,0.0,,,,,,,,,,,,,,,,,,,,,,,,,,,,,,,,,,
2026-03-21_3522,2026-03-21,2026-03-21 09:50:23,2026-03-20,3522,御頂,上櫃,3522.TWO,-,12,量增,13.05,247448,1.27,-0.6994,-0.6311,-0.0682,13.32,13.69,14.29,16.15,15.68,14.29,12.89,0.1953,買點：目前不屬優先進場型態。,停損：若持股請依個人資金控管。,目標：等待更明確訊號。,0.0,0.0,0.0,0.0,0.0,1.0,0.0,0.0,-1.15,-1.15,-0.38,0.0,,,,,,,,,,,,,,,,,,,,,,,,,,,,,,,,,,
2026-03-21_4966,2026-03-21,2026-03-21 09:50:38,2026-03-20,4966,譜瑞-KY,上櫃,4966.TWO,-,12,量增,520.0,767163,1.26,-8.9951,-10.422,1.4269,514.0,517.5,520.35,553.45,545.16,520.35,495.54,0.0953,買點：目前不屬優先進場型態。,停損：若持股請依個人資金控管。,目標：等待更明確訊號。,0.0,0.0,0.0,0.0,0.0,1.0,0.0,0.0,-4.42,-3.85,-8.65,0.0,,,,,,,,,,,,,,,,,,,,,,,,,,,,,,,,,,
2026-03-21_2834,2026-03-21,2026-03-21 09:50:10,2026-03-20,2834,臺企銀,上市,2834.TW,-,12,量增,15.0,30916649,1.24,-0.1936,-0.1625,-0.031,15.05,15.06,15.46,15.71,16.4,15.46,14.51,0.1221,買點：目前不屬優先進場型態。,停損：若持股請依個人資金控管。,目標：等待更明確訊號。,0.0,0.0,0.0,0.0,0.0,1.0,0.0,0.0,0.67,0.33,1.67,0.0,,,,,,,,,,,,,,,,,,,,,,,,,,,,,,,,,,
2026-03-21_2892,2026-03-21,2026-03-21 09:50:11,2026-03-20,2892,第一金,上市,2892.TW,-,10,季線向上,28.75,27100362,1.15,-0.1374,-0.0805,-0.0569,28.85,28.93,29.24,29.32,30.13,29.24,28.34,0.0612,買點：目前不屬優先進場型態。,停損：若持股請依個人資金控管。,目標：等待更明確訊號。,0.0,0.0,0.0,0.0,1.0,0.0,0.0,0.0,-0.17,-1.04,-0.52,0.0,,,,,,,,,,,,,,,,,,,,,,,,,,,,,,,,,,
2026-03-21_3014,2026-03-21,2026-03-21 09:50:13,2026-03-20,3014,聯陽,上市,3014.TW,-,10,季線向上,117.5,830121,1.12,-0.3314,-0.0872,-0.2442,118.0,118.0,119.45,117.75,123.94,119.45,114.96,0.0752,買點：目前不屬優先進場型態。,停損：若持股請依個人資金控管。,目標：等待更明確訊號。,0.0,0.0,0.0,0.0,1.0,0.0,0.0,0.0,-0.43,0.0,-1.28,0.0,,,,,,,,,,,,,,,,,,,,,,,,,,,,,,,,,,
2026-03-21_2363,2026-03-21,2026-03-21 09:50:00,2026-03-20,2363,矽統,上市,2363.TW,-,10,季線向上,50.6,4181702,1.12,-0.2681,-0.2561,-0.012,51.24,50.6,51.81,50.71,56.44,51.81,47.19,0.1785,買點：目前不屬優先進場型態。,停損：若持股請依個人資金控管。,目標：等待更明確訊號。,0.0,0.0,0.0,0.0,1.0,0.0,0.0,0.0,-1.19,-3.36,-6.42,0.0,,,,,,,,,,,,,,,,,,,,,,,,,,,,,,,,,,
2026-03-21_8080,2026-03-21,2026-03-21 09:51:09,2026-03-20,8080,印鉐,上櫃,8080.TWO,-,10,季線向上,29.65,61358,1.09,-0.7171,-0.7243,0.0072,30.21,30.49,30.86,32.39,32.74,30.86,28.98,0.1216,買點：目前不屬優先進場型態。,停損：若持股請依個人資金控管。,目標：等待更明確訊號。,0.0,0.0,0.0,0.0,1.0,0.0,0.0,0.0,-1.18,-1.52,-2.19,0.0,,,,,,,,,,,,,,,,,,,,,,,,,,,,,,,,,,
2026-03-21_3570,2026-03-21,2026-03-21 09:50:25,2026-03-20,3570,大塚,上櫃,3570.TWO,-,10,季線向上,170.0,23670,1.01,-1.3758,-0.476,-0.8998,170.5,170.6,176.53,171.87,189.56,176.53,163.49,0.1477,買點：目前不屬優先進場型態。,停損：若持股請依個人資金控管。,目標：等待更明確訊號。,0.0,0.0,0.0,0.0,1.0,0.0,0.0,0.0,-1.18,-2.65,-3.53,0.0,,,,,,,,,,,,,,,,,,,,,,,,,,,,,,,,,,
2026-03-21_6953,2026-03-21,2026-03-21 09:51:07,2026-03-20,6953,家碩,上櫃,6953.TWO,-,10,季線向上,215.5,37356,0.94,-3.1476,-3.0009,-0.1467,220.4,219.35,223.28,228.1,236.45,223.28,210.1,0.118,買點：目前不屬優先進場型態。,停損：若持股請依個人資金控管。,目標：等待更明確訊號。,0.0,0.0,0.0,0.0,1.0,0.0,0.0,0.0,5.57,3.48,-0.46,1.0,,,,,,,,,,,,,,,,,,,,,,,,,,,,,,,,,,
2026-03-21_3152,2026-03-21,2026-03-21 09:50:16,2026-03-20,3152,璟德,上櫃,3152.TWO,-,10,季線向上,141.0,313062,0.94,-2.9815,-2.9551,-0.0264,142.0,139.5,145.45,150.07,160.51,145.45,130.39,0.207,買點：目前不屬優先進場型態。,停損：若持股請依個人資金控管。,目標：等待更明確訊號。,0.0,0.0,0.0,0.0,1.0,0.0,0.0,0.0,-1.77,0.35,12.77,0.0,,,,,,,,,,,,,,,,,,,,,,,,,,,,,,,,,,
2026-03-21_5347,2026-03-21,2026-03-21 09:50:42,2026-03-20,5347,世界,上櫃,5347.TWO,-,10,季線向上,116.0,16791944,0.9,-2.7026,-2.6549,-0.0477,117.8,114.6,120.47,119.1,136.78,120.47,104.17,0.2707,買點：目前不屬優先進場型態。,停損：若持股請依個人資金控管。,目標：等待更明確訊號。,0.0,0.0,0.0,0.0,1.0,0.0,0.0,0.0,6.9,3.88,4.31,1.0,,,,,,,,,,,,,,,,,,,,,,,,,,,,,,,,,,
2026-03-21_3710,2026-03-21,2026-03-21 09:50:27,2026-03-20,3710,連展投控,上櫃,3710.TWO,-,10,季線向上,6.13,216361,0.77,-0.0935,-0.0387,-0.0548,6.21,6.33,6.48,6.29,7.01,6.48,5.95,0.1639,買點：目前不屬優先進場型態。,停損：若持股請依個人資金控管。,目標：等待更明確訊號。,0.0,0.0,0.0,0.0,1.0,0.0,0.0,0.0,-2.28,5.22,3.92,1.0,,,,,,,,,,,,,,,,,,,,,,,,,,,,,,,,,,
2026-03-21_6417,2026-03-21,2026-03-21 09:50:55,2026-03-20,6417,韋僑,上櫃,6417.TWO,-,10,季線向上,105.5,47017,0.74,-0.6486,-0.6639,0.0152,106.2,105.85,106.62,107.38,110.09,106.62,103.16,0.0649,買點：目前不屬優先進場型態。,停損：若持股請依個人資金控管。,目標：等待更明確訊號。,0.0,0.0,0.0,0.0,1.0,0.0,0.0,0.0,-0.47,0.47,-2.84,0.0,,,,,,,,,,,,,,,,,,,,,,,,,,,,,,,,,,
2026-03-21_6538,2026-03-21,2026-03-21 09:50:59,2026-03-20,6538,倉和,上櫃,6538.TWO,-,10,季線向上,65.2,67519,0.74,-0.3659,-0.2774,-0.0885,66.8,66.05,66.92,67.32,70.44,66.92,63.41,0.1051,買點：目前不屬優先進場型態。,停損：若持股請依個人資金控管。,目標：等待更明確訊號。,0.0,0.0,0.0,0.0,1.0,0.0,0.0,0.0,3.99,17.64,12.27,1.0,,,,,,,,,,,,,,,,,,,,,,,,,,,,,,,,,,
2026-03-21_8467,2026-03-21,2026-03-21 09:51:14,2026-03-20,8467,波力-KY,上市,8467.TW,-,10,季線向上,153.5,17810,0.67,-6.0748,-5.6044,-0.4704,155.5,155.6,162.25,171.34,177.54,162.25,146.96,0.1884,買點：目前不屬優先進場型態。,停損：若持股請依個人資金控管。,目標：等待更明確訊號。,0.0,0.0,0.0,0.0,1.0,0.0,0.0,0.0,-0.65,-1.3,-2.28,0.0,,,,,,,,,,,,,,,,,,,,,,,,,,,,,,,,,,
2026-03-21_5426,2026-03-21,2026-03-21 09:50:43,2026-03-20,5426,振發,上櫃,5426.TWO,-,10,季線向上,19.7,215078,0.66,-0.0353,-0.0573,0.0219,20.18,19.62,20.09,19.93,21.57,20.09,18.6,0.1479,買點：目前不屬優先進場型態。,停損：若持股請依個人資金控管。,目標：等待更明確訊號。,0.0,0.0,0.0,0.0,1.0,0.0,0.0,0.0,0.0,0.0,-2.28,0.0,,,,,,,,,,,,,,,,,,,,,,,,,,,,,,,,,,
2026-03-21_6461,2026-03-21,2026-03-21 09:50:57,2026-03-20,6461,益得,上櫃,6461.TWO,-,10,季線向上,19.15,166284,0.58,-0.5375,-0.1931,-0.3444,19.3,19.63,21.15,20.01,24.7,21.15,17.61,0.3348,買點：目前不屬優先進場型態。,停損：若持股請依個人資金控管。,目標：等待更明確訊號。,0.0,0.0,0.0,0.0,1.0,0.0,0.0,0.0,-2.61,-2.35,-6.01,0.0,,,,,,,,,,,,,,,,,,,,,,,,,,,,,,,,,,
2026-03-21_4106,2026-03-21,2026-03-21 09:50:28,2026-03-20,4106,雃博,上市,4106.TW,-,10,季線向上,22.4,42576,0.56,-0.1239,-0.093,-0.0309,22.39,22.47,22.66,22.65,23.19,22.66,22.13,0.0465,買點：目前不屬優先進場型態。,停損：若持股請依個人資金控管。,目標：等待更明確訊號。,0.0,0.0,0.0,0.0,1.0,0.0,0.0,0.0,-0.22,-0.45,-0.22,0.0,,,,,,,,,,,,,,,,,,,,,,,,,,,,,,,,,,
2026-03-21_1240,2026-03-21,2026-03-21 09:49:43,2026-03-20,1240,茂生農經,上櫃,1240.TWO,-,10,季線向上,59.3,4180,0.24,-0.0444,-0.0789,0.0345,59.48,59.52,59.36,59.63,60.4,59.36,58.33,0.0349,買點：目前不屬優先進場型態。,停損：若持股請依個人資金控管。,目標：等待更明確訊號。,0.0,0.0,0.0,0.0,1.0,0.0,0.0,0.0,-0.17,-0.17,-0.34,0.0,,,,,,,,,,,,,,,,,,,,,,,,,,,,,,,,,,
2026-03-21_3226,2026-03-21,2026-03-21 09:50:18,2026-03-20,3226,至寶電,上櫃,3226.TWO,-,10,季線向上,48.5,1001,0.14,-0.8966,-0.3731,-0.5235,48.75,50.02,51.5,49.62,55.13,51.5,47.86,0.1411,買點：目前不屬優先進場型態。,停損：若持股請依個人資金控管。,目標：等待更明確訊號。,0.0,0.0,0.0,0.0,1.0,0.0,0.0,0.0,-6.19,-8.87,-7.53,0.0,,,,,,,,,,,,,,,,,,,,,,,,,,,,,,,,,,
2026-03-21_3073,2026-03-21,2026-03-21 09:50:15,2026-03-20,3073,天方能源,上櫃,3073.TWO,-,0,,28.55,135529,1.17,-0.6643,-0.5523,-0.1119,29.05,29.4,30.15,31.3,32.21,30.15,28.1,0.136,買點：目前不屬優先進場型態。,停損：若持股請依個人資金控管。,目標：等待更明確訊號。,0.0,0.0,0.0,0.0,0.0,0.0,0.0,0.0,1.58,-2.28,-9.11,0.0,,,,,,,,,,,,,,,,,,,,,,,,,,,,,,,,,,
2026-03-21_6875,2026-03-21,2026-03-21 09:51:06,2026-03-20,6875,國邑*,上櫃,6875.TWO,-,0,,39.1,188030,1.15,-1.0844,-1.3839,0.2995,40.83,40.48,40.39,46.35,42.26,40.39,38.52,0.0926,買點：目前不屬優先進場型態。,停損：若持股請依個人資金控管。,目標：等待更明確訊號。,0.0,0.0,0.0,0.0,0.0,0.0,0.0,0.0,0.51,-0.64,-1.92,0.0,,,,,,,,,,,,,,,,,,,,,,,,,,,,,,,,,,
2026-03-21_6229,2026-03-21,2026-03-21 09:50:52,2026-03-20,6229,研通,上櫃,6229.TWO,-,0,,21.55,87038,1.15,-0.3797,-0.3034,-0.0762,21.44,21.65,22.17,22.56,23.36,22.17,20.99,0.1071,買點：目前不屬優先進場型態。,停損：若持股請依個人資金控管。,目標：等待更明確訊號。,0.0,0.0,0.0,0.0,0.0,0.0,0.0,0.0,-1.16,-1.16,-5.1,0.0,,,,,,,,,,,,,,,,,,,,,,,,,,,,,,,,,,
2026-03-21_5465,2026-03-21,2026-03-21 09:50:44,2026-03-20,5465,富驊,上櫃,5465.TWO,-,0,,26.4,223693,1.14,-0.7415,-0.6427,-0.0988,26.97,27.1,28.06,29.17,30.47,28.06,25.65,0.172,買點：目前不屬優先進場型態。,停損：若持股請依個人資金控管。,目標：等待更明確訊號。,0.0,0.0,0.0,0.0,0.0,0.0,0.0,0.0,-1.33,-1.33,-4.92,0.0,,,,,,,,,,,,,,,,,,,,,,,,,,,,,,,,,,
2026-03-21_1702,2026-03-21,2026-03-21 09:49:51,2026-03-20,1702,南僑,上市,1702.TW,-,0,,35.6,383439,1.13,-0.5795,-0.4809,-0.0986,35.85,35.94,36.86,37.85,38.81,36.86,34.91,0.1059,買點：目前不屬優先進場型態。,停損：若持股請依個人資金控管。,目標：等待更明確訊號。,0.0,0.0,0.0,0.0,0.0,0.0,0.0,0.0,0.42,1.12,1.54,0.0,,,,,,,,,,,,,,,,,,,,,,,,,,,,,,,,,,
2026-03-21_5880,2026-03-21,2026-03-21 09:50:46,2026-03-20,5880,合庫金,上市,5880.TW,-,0,,22.95,18310696,1.13,-0.2245,-0.1919,-0.0326,23.07,23.09,23.46,23.88,24.33,23.46,22.59,0.074,買點：目前不屬優先進場型態。,停損：若持股請依個人資金控管。,目標：等待更明確訊號。,0.0,0.0,0.0,0.0,0.0,0.0,0.0,0.0,1.74,1.96,3.27,0.0,,,,,,,,,,,,,,,,,,,,,,,,,,,,,,,,,,
2026-03-21_9944,2026-03-21,2026-03-21 09:51:17,2026-03-20,9944,新麗,上市,9944.TW,-,0,,16.3,56966,1.13,-0.1334,-0.1116,-0.0217,16.33,16.36,16.56,16.77,17.01,16.56,16.11,0.0546,買點：目前不屬優先進場型態。,停損：若持股請依個人資金控管。,目標：等待更明確訊號。,0.0,0.0,0.0,0.0,0.0,0.0,0.0,0.0,0.61,0.92,0.61,0.0,,,,,,,,,,,,,,,,,,,,,,,,,,,,,,,,,,
2026-03-21_5469,2026-03-21,2026-03-21 09:50:44,2026-03-20,5469,瀚宇博,上市,5469.TW,-,0,,86.0,2461763,1.11,-2.495,-2.5468,0.0518,87.8,86.99,90.12,94.73,99.43,90.12,80.82,0.2064,買點：目前不屬優先進場型態。,停損：若持股請依個人資金控管。,目標：等待更明確訊號。,0.0,0.0,0.0,0.0,0.0,0.0,0.0,0.0,-3.95,-2.56,-6.28,0.0,,,,,,,,,,,,,,,,,,,,,,,,,,,,,,,,,,
2026-03-21_3257,2026-03-21,2026-03-21 09:50:19,2026-03-20,3257,虹冠電,上市,3257.TW,-,0,,55.7,284138,1.11,-2.0579,-2.3052,0.2473,56.76,55.97,57.75,63.95,62.31,57.75,53.19,0.1581,買點：目前不屬優先進場型態。,停損：若持股請依個人資金控管。,目標：等待更明確訊號。,0.0,0.0,0.0,0.0,0.0,0.0,0.0,0.0,-0.36,-1.8,-4.85,0.0,,,,,,,,,,,,,,,,,,,,,,,,,,,,,,,,,,
2026-03-21_3672,2026-03-21,2026-03-21 09:50:26,2026-03-20,3672,康聯訊,上櫃,3672.TWO,-,0,,11.45,29124,1.08,-0.1748,-0.1494,-0.0255,11.54,11.62,11.86,12.32,12.61,11.86,11.11,0.1264,買點：目前不屬優先進場型態。,停損：若持股請依個人資金控管。,目標：等待更明確訊號。,0.0,0.0,0.0,0.0,0.0,0.0,0.0,0.0,-2.18,-4.8,-4.8,0.0,,,,,,,,,,,,,,,,,,,,,,,,,,,,,,,,,,
2026-03-21_9934,2026-03-21,2026-03-21 09:51:17,2026-03-20,9934,成霖,上市,9934.TW,-,0,,9.6,565515,1.08,-0.1117,-0.1234,0.0117,9.6,9.59,9.7,9.97,10.09,9.7,9.3,0.0812,買點：目前不屬優先進場型態。,停損：若持股請依個人資金控管。,目標：等待更明確訊號。,0.0,0.0,0.0,0.0,0.0,0.0,0.0,0.0,-1.25,-1.56,-2.71,0.0,,,,,,,,,,,,,,,,,,,,,,,,,,,,,,,,,,
2026-03-21_6535,2026-03-21,2026-03-21 09:50:59,2026-03-20,6535,順藥,上櫃,6535.TWO,-,0,,145.0,204989,1.06,-8.3378,-7.407,-0.9309,148.9,150.9,160.38,175.55,183.3,160.38,137.45,0.2859,買點：目前不屬優先進場型態。,停損：若持股請依個人資金控管。,目標：等待更明確訊號。,0.0,0.0,0.0,0.0,0.0,0.0,0.0,0.0,1.03,-0.34,-4.14,0.0,,,,,,,,,,,,,,,,,,,,,,,,,,,,,,,,,,
2026-03-21_2634,2026-03-21,2026-03-21 09:50:07,2026-03-20,2634,漢翔,上市,2634.TW,-,0,,49.7,4359979,1.05,-1.0434,-0.7364,-0.307,50.42,50.61,52.83,53.06,57.47,52.83,48.19,0.1756,買點：目前不屬優先進場型態。,停損：若持股請依個人資金控管。,目標：等待更明確訊號。,0.0,0.0,0.0,0.0,0.0,0.0,0.0,0.0,3.02,-2.41,-6.94,0.0,,,,,,,,,,,,,,,,,,,,,,,,,,,,,,,,,,
2026-03-21_2947,2026-03-21,2026-03-21 09:50:12,2026-03-20,2947,振宇五金,上櫃,2947.TWO,-,0,,77.7,7291,1.04,-0.9213,-0.9014,-0.0199,77.68,77.89,79.0,80.99,81.62,79.0,76.39,0.0661,買點：目前不屬優先進場型態。,停損：若持股請依個人資金控管。,目標：等待更明確訊號。,0.0,0.0,0.0,0.0,0.0,0.0,0.0,0.0,2.96,0.39,1.03,0.0,,,,,,,,,,,,,,,,,,,,,,,,,,,,,,,,,,
2026-03-21_6606,2026-03-21,2026-03-21 09:51:01,2026-03-20,6606,建德工業,上市,6606.TW,-,0,,24.4,91266,1.04,-0.2583,-0.22,-0.0383,24.54,24.66,24.92,25.32,25.59,24.92,24.26,0.0534,買點：目前不屬優先進場型態。,停損：若持股請依個人資金控管。,目標：等待更明確訊號。,0.0,0.0,0.0,0.0,0.0,0.0,0.0,0.0,-1.43,-1.64,-1.02,0.0,,,,,,,,,,,,,,,,,,,,,,,,,,,,,,,,,,
2026-03-21_6666,2026-03-21,2026-03-21 09:51:02,2026-03-20,6666,羅麗芬-KY,上市,6666.TW,-,0,,41.3,20404,1.03,-0.9195,-0.8744,-0.045,40.88,41.03,42.34,43.97,45.24,42.34,39.45,0.1369,買點：目前不屬優先進場型態。,停損：若持股請依個人資金控管。,目標：等待更明確訊號。,0.0,0.0,0.0,0.0,0.0,0.0,0.0,0.0,0.48,-0.36,-2.78,0.0,,,,,,,,,,,,,,,,,,,,,,,,,,,,,,,,,,
2026-03-21_3713,2026-03-21,2026-03-21 09:50:28,2026-03-20,3713,新晶投控,上櫃,3713.TWO,-,0,,17.0,79567,1.03,-0.7773,-0.7475,-0.0298,17.6,17.66,18.46,20.63,20.31,18.46,16.61,0.2,買點：目前不屬優先進場型態。,停損：若持股請依個人資金控管。,目標：等待更明確訊號。,0.0,0.0,0.0,0.0,0.0,0.0,0.0,0.0,7.35,-0.29,-16.47,0.0,,,,,,,,,,,,,,,,,,,,,,,,,,,,,,,,,,
2026-03-21_6517,2026-03-21,2026-03-21 09:50:58,2026-03-20,6517,保勝光學,上櫃,6517.TWO,-,0,,57.6,221092,1.0,-2.0047,-2.3472,0.3424,58.56,57.98,59.0,65.28,62.47,59.0,55.54,0.1174,買點：目前不屬優先進場型態。,停損：若持股請依個人資金控管。,目標：等待更明確訊號。,0.0,0.0,0.0,0.0,0.0,0.0,0.0,0.0,-0.35,-1.04,-3.99,0.0,,,,,,,,,,,,,,,,,,,,,,,,,,,,,,,,,,
2026-03-21_8201,2026-03-21,2026-03-21 09:51:10,2026-03-20,8201,無敵,上市,8201.TW,-,0,,13.4,75570,1.0,-0.213,-0.222,0.009,13.52,13.41,13.68,14.04,14.47,13.68,12.89,0.1151,買點：目前不屬優先進場型態。,停損：若持股請依個人資金控管。,目標：等待更明確訊號。,0.0,0.0,0.0,0.0,0.0,0.0,0.0,0.0,-2.24,-2.99,-7.84,0.0,,,,,,,,,,,,,,,,,,,,,,,,,,,,,,,,,,
2026-03-21_2908,2026-03-21,2026-03-21 09:50:12,2026-03-20,2908,特力,上市,2908.TW,-,0,,20.0,87347,0.99,-0.1002,-0.0779,-0.0223,20.04,20.02,20.28,20.29,20.93,20.28,19.62,0.0646,買點：目前不屬優先進場型態。,停損：若持股請依個人資金控管。,目標：等待更明確訊號。,0.0,0.0,0.0,0.0,0.0,0.0,0.0,0.0,-0.5,0.25,0.0,0.0,,,,,,,,,,,,,,,,,,,,,,,,,,,,,,,,,,
2026-03-21_6641,2026-03-21,2026-03-21 09:51:01,2026-03-20,6641,基士德-KY,上市,6641.TW,-,0,,18.95,21916,0.99,-0.749,-0.6795,-0.0694,19.06,19.09,20.15,20.98,22.51,20.15,17.79,0.2342,買點：目前不屬優先進場型態。,停損：若持股請依個人資金控管。,目標：等待更明確訊號。,0.0,0.0,0.0,0.0,0.0,0.0,0.0,0.0,1.06,-1.06,-3.96,0.0,,,,,,,,,,,,,,,,,,,,,,,,,,,,,,,,,,
2026-03-21_6591,2026-03-21,2026-03-21 09:51:00,2026-03-20,6591,動力-KY,上市,6591.TW,-,0,,64.0,257457,0.95,-1.3946,-1.5943,0.1997,63.6,63.41,64.69,69.92,67.86,64.69,61.52,0.0981,買點：目前不屬優先進場型態。,停損：若持股請依個人資金控管。,目標：等待更明確訊號。,0.0,0.0,0.0,0.0,0.0,0.0,0.0,0.0,-1.41,-2.19,-8.13,0.0,,,,,,,,,,,,,,,,,,,,,,,,,,,,,,,,,,
2026-03-21_4911,2026-03-21,2026-03-21 09:50:36,2026-03-20,4911,德英,上櫃,4911.TWO,-,0,,35.0,18520,0.95,-1.4311,-1.5834,0.1523,34.65,35.23,35.68,40.18,38.39,35.68,32.97,0.152,買點：目前不屬優先進場型態。,停損：若持股請依個人資金控管。,目標：等待更明確訊號。,0.0,0.0,0.0,0.0,0.0,0.0,0.0,0.0,0.86,-0.29,15.71,0.0,,,,,,,,,,,,,,,,,,,,,,,,,,,,,,,,,,
2026-03-21_5225,2026-03-21,2026-03-21 09:50:40,2026-03-20,5225,東科-KY,上市,5225.TW,-,0,,92.0,306879,0.93,-1.9059,-1.9989,0.093,93.34,92.6,95.15,99.2,102.12,95.15,88.17,0.1467,買點：目前不屬優先進場型態。,停損：若持股請依個人資金控管。,目標：等待更明確訊號。,0.0,0.0,0.0,0.0,0.0,0.0,0.0,0.0,-1.3,-9.78,-13.7,0.0,,,,,,,,,,,,,,,,,,,,,,,,,,,,,,,,,,
2026-03-21_1336,2026-03-21,2026-03-21 09:49:44,2026-03-20,1336,台翰,上櫃,1336.TWO,-,0,,14.8,73982,0.92,-0.288,-0.3169,0.029,14.9,14.74,15.1,15.79,16.07,15.1,14.13,0.1285,買點：目前不屬優先進場型態。,停損：若持股請依個人資金控管。,目標：等待更明確訊號。,0.0,0.0,0.0,0.0,0.0,0.0,0.0,0.0,-2.36,-3.38,-6.42,0.0,,,,,,,,,,,,,,,,,,,,,,,,,,,,,,,,,,
2026-03-21_9921,2026-03-21,2026-03-21 09:51:16,2026-03-20,9921,巨大,上市,9921.TW,-,0,,71.0,2517352,0.91,-4.6019,-4.4205,-0.1814,72.28,72.59,77.17,87.11,87.58,77.17,66.76,0.2697,買點：目前不屬優先進場型態。,停損：若持股請依個人資金控管。,目標：等待更明確訊號。,0.0,0.0,0.0,0.0,0.0,0.0,0.0,0.0,0.0,0.56,-1.55,0.0,,,,,,,,,,,,,,,,,,,,,,,,,,,,,,,,,,
2026-03-21_6609,2026-03-21,2026-03-21 09:51:01,2026-03-20,6609,瀧澤科,上櫃,6609.TWO,-,0,,34.45,159236,0.88,-1.4059,-1.2988,-0.1071,34.93,34.98,36.69,38.71,40.82,36.69,32.55,0.2255,買點：目前不屬優先進場型態。,停損：若持股請依個人資金控管。,目標：等待更明確訊號。,0.0,0.0,0.0,0.0,0.0,0.0,0.0,0.0,0.15,21.04,7.84,1.0,,,,,,,,,,,,,,,,,,,,,,,,,,,,,,,,,,
2026-03-21_4972,2026-03-21,2026-03-21 09:50:39,2026-03-20,4972,湯石照明,上櫃,4972.TWO,-,0,,17.8,17034,0.88,-0.0404,-0.0587,0.0184,17.85,17.8,17.8,18.0,17.98,17.8,17.62,0.0201,買點：目前不屬優先進場型態。,停損：若持股請依個人資金控管。,目標：等待更明確訊號。,0.0,0.0,0.0,0.0,0.0,0.0,0.0,0.0,-0.84,-0.0,-1.4,0.0,,,,,,,,,,,,,,,,,,,,,,,,,,,,,,,,,,
2026-03-21_2482,2026-03-21,2026-03-21 09:50:04,2026-03-20,2482,連宇,上市,2482.TW,-,0,,16.0,128040,0.84,-0.4712,-0.4101,-0.0611,16.08,16.15,16.89,17.48,18.5,16.89,15.27,0.1907,買點：目前不屬優先進場型態。,停損：若持股請依個人資金控管。,目標：等待更明確訊號。,0.0,0.0,0.0,0.0,0.0,0.0,0.0,0.0,9.38,7.5,5.0,1.0,,,,,,,,,,,,,,,,,,,,,,,,,,,,,,,,,,
2026-03-21_3712,2026-03-21,2026-03-21 09:50:28,2026-03-20,3712,永崴投控,上市,3712.TW,-,0,,23.55,477581,0.79,-0.5649,-0.684,0.119,23.75,22.99,23.75,25.11,26.06,23.75,21.45,0.1944,買點：目前不屬優先進場型態。,停損：若持股請依個人資金控管。,目標：等待更明確訊號。,0.0,0.0,0.0,0.0,0.0,0.0,0.0,0.0,-1.06,-1.49,-24.63,0.0,,,,,,,,,,,,,,,,,,,,,,,,,,,,,,,,,,
2026-03-21_6166,2026-03-21,2026-03-21 09:50:49,2026-03-20,6166,凌華,上市,6166.TW,-,0,,61.0,360464,0.76,-0.4847,-0.4363,-0.0484,60.98,61.04,62.04,62.98,65.7,62.04,58.37,0.118,買點：目前不屬優先進場型態。,停損：若持股請依個人資金控管。,目標：等待更明確訊號。,0.0,0.0,0.0,0.0,0.0,0.0,0.0,0.0,-0.66,-0.33,-5.57,0.0,,,,,,,,,,,,,,,,,,,,,,,,,,,,,,,,,,
2026-03-21_3617,2026-03-21,2026-03-21 09:50:26,2026-03-20,3617,碩天,上市,3617.TW,-,0,,175.0,192168,0.75,-4.3859,-3.6665,-0.7194,177.1,179.35,184.7,192.92,199.16,184.7,170.24,0.1566,買點：目前不屬優先進場型態。,停損：若持股請依個人資金控管。,目標：等待更明確訊號。,0.0,0.0,0.0,0.0,0.0,0.0,0.0,0.0,-0.57,-1.71,-4.86,0.0,,,,,,,,,,,,,,,,,,,,,,,,,,,,,,,,,,
2026-03-21_6605,2026-03-21,2026-03-21 09:51:01,2026-03-20,6605,帝寶,上市,6605.TW,-,0,,135.0,188496,0.75,-3.1582,-3.4873,0.3291,135.1,134.2,137.07,143.97,145.43,137.07,128.72,0.1218,買點：目前不屬優先進場型態。,停損：若持股請依個人資金控管。,目標：等待更明確訊號。,0.0,0.0,0.0,0.0,0.0,0.0,0.0,0.0,3.33,0.74,-1.85,0.0,,,,,,,,,,,,,,,,,,,,,,,,,,,,,,,,,,
2026-03-21_6928,2026-03-21,2026-03-21 09:51:07,2026-03-20,6928,攸泰科技,上市,6928.TW,-,0,,47.0,104952,0.73,-1.125,-0.8453,-0.2797,48.11,48.75,50.29,51.65,54.24,50.29,46.34,0.1571,買點：目前不屬優先進場型態。,停損：若持股請依個人資金控管。,目標：等待更明確訊號。,0.0,0.0,0.0,0.0,0.0,0.0,0.0,0.0,-1.91,0.0,-2.55,0.0,,,,,,,,,,,,,,,,,,,,,,,,,,,,,,,,,,
2026-03-21_1784,2026-03-21,2026-03-21 09:49:53,2026-03-20,1784,訊聯,上櫃,1784.TWO,-,0,,84.5,202976,0.72,-3.8734,-3.2658,-0.6076,86.12,87.07,92.9,99.93,106.11,92.9,79.69,0.2844,買點：目前不屬優先進場型態。,停損：若持股請依個人資金控管。,目標：等待更明確訊號。,0.0,0.0,0.0,0.0,0.0,0.0,0.0,0.0,-2.96,-5.92,-7.1,0.0,,,,,,,,,,,,,,,,,,,,,,,,,,,,,,,,,,
2026-03-21_8482,2026-03-21,2026-03-21 09:51:14,2026-03-20,8482,商億-KY,上市,8482.TW,-,0,,47.45,7024,0.7,-0.6373,-0.2661,-0.3712,47.76,48.2,50.36,49.52,55.63,50.36,45.09,0.2092,買點：目前不屬優先進場型態。,停損：若持股請依個人資金控管。,目標：等待更明確訊號。,0.0,0.0,0.0,0.0,0.0,0.0,0.0,0.0,3.69,1.79,-0.53,0.0,,,,,,,,,,,,,,,,,,,,,,,,,,,,,,,,,,
2026-03-21_4114,2026-03-21,2026-03-21 09:50:28,2026-03-20,4114,健喬,上櫃,4114.TWO,-,0,,31.0,580354,0.7,-0.3365,-0.3171,-0.0194,31.22,31.14,31.57,32.16,32.73,31.57,30.42,0.0729,買點：目前不屬優先進場型態。,停損：若持股請依個人資金控管。,目標：等待更明確訊號。,0.0,0.0,0.0,0.0,0.0,0.0,0.0,0.0,0.16,1.29,0.32,0.0,,,,,,,,,,,,,,,,,,,,,,,,,,,,,,,,,,
2026-03-21_4529,2026-03-21,2026-03-21 09:50:32,2026-03-20,4529,淳紳,上櫃,4529.TWO,-,0,,3.3,21012,0.7,-0.0158,-0.0094,-0.0064,3.32,3.42,3.36,3.48,3.61,3.36,3.12,0.1462,買點：目前不屬優先進場型態。,停損：若持股請依個人資金控管。,目標：等待更明確訊號。,0.0,0.0,0.0,0.0,0.0,0.0,0.0,0.0,-0.0,1.21,-6.06,0.0,,,,,,,,,,,,,,,,,,,,,,,,,,,,,,,,,,
2026-03-21_1536,2026-03-21,2026-03-21 09:49:49,2026-03-20,1536,和大,上市,1536.TW,-,0,,50.7,2084297,0.69,-2.3806,-1.9697,-0.4109,52.0,52.26,55.93,58.27,64.35,55.93,47.52,0.3007,買點：目前不屬優先進場型態。,停損：若持股請依個人資金控管。,目標：等待更明確訊號。,0.0,0.0,0.0,0.0,0.0,0.0,0.0,0.0,1.58,0.59,-6.9,0.0,,,,,,,,,,,,,,,,,,,,,,,,,,,,,,,,,,
2026-03-21_2904,2026-03-21,2026-03-21 09:50:12,2026-03-20,2904,匯僑,上市,2904.TW,-,0,,16.65,57179,0.69,-0.0992,-0.0073,-0.0919,16.78,17.08,17.18,17.11,17.8,17.18,16.57,0.0713,買點：目前不屬優先進場型態。,停損：若持股請依個人資金控管。,目標：等待更明確訊號。,0.0,0.0,0.0,0.0,0.0,0.0,0.0,0.0,0.6,1.5,0.3,0.0,,,,,,,,,,,,,,,,,,,,,,,,,,,,,,,,,,
2026-03-21_2832,2026-03-21,2026-03-21 09:50:10,2026-03-20,2832,台產,上市,2832.TW,-,0,,47.45,147421,0.67,-0.4353,-0.3267,-0.1087,47.93,48.02,48.78,49.43,50.47,48.78,47.08,0.0695,買點：目前不屬優先進場型態。,停損：若持股請依個人資金控管。,目標：等待更明確訊號。,0.0,0.0,0.0,0.0,0.0,0.0,0.0,0.0,-0.11,-1.16,-0.84,0.0,,,,,,,,,,,,,,,,,,,,,,,,,,,,,,,,,,
2026-03-21_6418,2026-03-21,2026-03-21 09:50:56,2026-03-20,6418,詠昇,上櫃,6418.TWO,-,0,,30.85,79502,0.67,-1.3927,-1.6385,0.2458,31.4,31.22,32.26,37.76,35.21,32.26,29.31,0.1827,買點：目前不屬優先進場型態。,停損：若持股請依個人資金控管。,目標：等待更明確訊號。,0.0,0.0,0.0,0.0,0.0,0.0,0.0,0.0,2.11,1.3,-5.67,0.0,,,,,,,,,,,,,,,,,,,,,,,,,,,,,,,,,,
2026-03-21_2236,2026-03-21,2026-03-21 09:49:58,2026-03-20,2236,百達-KY,上市,2236.TW,-,0,,108.0,170013,0.66,-0.9216,-0.4095,-0.5121,109.8,110.85,112.12,113.38,116.71,112.12,107.54,0.0817,買點：目前不屬優先進場型態。,停損：若持股請依個人資金控管。,目標：等待更明確訊號。,0.0,0.0,0.0,0.0,0.0,0.0,0.0,0.0,2.78,5.56,4.17,1.0,,,,,,,,,,,,,,,,,,,,,,,,,,,,,,,,,,
2026-03-21_8234,2026-03-21,2026-03-21 09:51:11,2026-03-20,8234,新漢,上櫃,8234.TWO,-,0,,65.8,591428,0.65,-1.0521,-1.6052,0.5531,67.88,65.16,66.78,70.96,73.56,66.78,59.99,0.2031,買點：目前不屬優先進場型態。,停損：若持股請依個人資金控管。,目標：等待更明確訊號。,0.0,0.0,0.0,0.0,0.0,0.0,0.0,0.0,-0.3,-3.95,-11.4,0.0,,,,,,,,,,,,,,,,,,,,,,,,,,,,,,,,,,
2026-03-21_4994,2026-03-21,2026-03-21 09:50:39,2026-03-20,4994,傳奇,上市,4994.TW,-,0,,91.6,14238,0.59,-2.2685,-1.1265,-1.142,94.12,96.7,99.9,99.98,107.82,99.9,91.98,0.1585,買點：目前不屬優先進場型態。,停損：若持股請依個人資金控管。,目標：等待更明確訊號。,0.0,0.0,0.0,0.0,0.0,0.0,0.0,0.0,0.98,0.98,7.86,0.0,,,,,,,,,,,,,,,,,,,,,,,,,,,,,,,,,,
2026-03-21_1104,2026-03-21,2026-03-21 09:49:41,2026-03-20,1104,環泥,上市,1104.TW,-,0,,29.2,418269,0.58,-0.1109,-0.1295,0.0186,29.48,29.38,29.48,29.83,30.52,29.48,28.44,0.0705,買點：目前不屬優先進場型態。,停損：若持股請依個人資金控管。,目標：等待更明確訊號。,0.0,0.0,0.0,0.0,0.0,0.0,0.0,0.0,1.37,1.71,0.68,0.0,,,,,,,,,,,,,,,,,,,,,,,,,,,,,,,,,,
2026-03-21_3047,2026-03-21,2026-03-21 09:50:14,2026-03-20,3047,訊舟,上市,3047.TW,-,0,,16.65,819218,0.57,-0.4191,-0.5148,0.0958,16.61,16.22,16.78,18.02,18.31,16.78,15.24,0.1832,買點：目前不屬優先進場型態。,停損：若持股請依個人資金控管。,目標：等待更明確訊號。,0.0,0.0,0.0,0.0,0.0,0.0,0.0,0.0,-2.1,-0.3,-7.51,0.0,,,,,,,,,,,,,,,,,,,,,,,,,,,,,,,,,,
2026-03-21_8011,2026-03-21,2026-03-21 09:51:07,2026-03-20,8011,台通,上市,8011.TW,-,0,,20.5,806969,0.56,-0.2161,-0.2759,0.0598,20.48,20.32,20.61,21.53,21.55,20.61,19.66,0.0921,買點：目前不屬優先進場型態。,停損：若持股請依個人資金控管。,目標：等待更明確訊號。,0.0,0.0,0.0,0.0,0.0,0.0,0.0,0.0,1.46,1.71,-2.44,0.0,,,,,,,,,,,,,,,,,,,,,,,,,,,,,,,,,,
2026-03-21_8426,2026-03-21,2026-03-21 09:51:13,2026-03-20,8426,紅木-KY,上櫃,8426.TWO,-,0,,25.7,36055,0.55,-0.4444,-0.4126,-0.0318,25.91,25.95,26.53,27.43,27.95,26.53,25.12,0.1068,買點：目前不屬優先進場型態。,停損：若持股請依個人資金控管。,目標：等待更明確訊號。,0.0,0.0,0.0,0.0,0.0,0.0,0.0,0.0,-3.7,-2.33,-2.14,0.0,,,,,,,,,,,,,,,,,,,,,,,,,,,,,,,,,,
2026-03-21_6799,2026-03-21,2026-03-21 09:51:05,2026-03-20,6799,來頡,上市,6799.TW,-,0,,79.0,135590,0.53,-0.7889,-1.438,0.6491,81.1,78.1,79.06,82.77,86.24,79.06,71.88,0.1815,買點：目前不屬優先進場型態。,停損：若持股請依個人資金控管。,目標：等待更明確訊號。,0.0,0.0,0.0,0.0,0.0,0.0,0.0,0.0,-0.13,-1.9,-6.58,0.0,,,,,,,,,,,,,,,,,,,,,,,,,,,,,,,,,,
2026-03-21_1525,2026-03-21,2026-03-21 09:49:48,2026-03-20,1525,江申,上市,1525.TW,-,0,,61.6,13272,0.48,-0.471,-0.3989,-0.0722,61.48,61.69,62.45,63.06,64.41,62.45,60.5,0.0626,買點：目前不屬優先進場型態。,停損：若持股請依個人資金控管。,目標：等待更明確訊號。,0.0,0.0,0.0,0.0,0.0,0.0,0.0,0.0,-1.46,-0.32,2.11,0.0,,,,,,,,,,,,,,,,,,,,,,,,,,,,,,,,,,
2026-03-21_1321,2026-03-21,2026-03-21 09:49:44,2026-03-20,1321,大洋,上市,1321.TW,-,0,,33.25,84157,0.46,-0.155,-0.1373,-0.0176,33.16,33.29,33.49,33.98,34.16,33.49,32.82,0.0403,買點：目前不屬優先進場型態。,停損：若持股請依個人資金控管。,目標：等待更明確訊號。,0.0,0.0,0.0,0.0,0.0,0.0,0.0,0.0,1.95,3.31,0.75,1.0,,,,,,,,,,,,,,,,,,,,,,,,,,,,,,,,,,
2026-03-21_5603,2026-03-21,2026-03-21 09:50:46,2026-03-20,5603,陸海,上櫃,5603.TWO,-,0,,17.4,36357,0.46,-0.1285,-0.1286,0.0001,17.63,17.61,17.7,18.22,18.21,17.7,17.2,0.057,買點：目前不屬優先進場型態。,停損：若持股請依個人資金控管。,目標：等待更明確訊號。,0.0,0.0,0.0,0.0,0.0,0.0,0.0,0.0,-1.44,-1.15,-2.87,0.0,,,,,,,,,,,,,,,,,,,,,,,,,,,,,,,,,,
2026-03-21_8089,2026-03-21,2026-03-21 09:51:09,2026-03-20,8089,康全電訊,上櫃,8089.TWO,-,0,,23.95,155209,0.45,-0.8182,-0.899,0.0808,24.45,24.16,24.93,27.33,26.9,24.93,22.96,0.1578,買點：目前不屬優先進場型態。,停損：若持股請依個人資金控管。,目標：等待更明確訊號。,0.0,0.0,0.0,0.0,0.0,0.0,0.0,0.0,-1.46,-1.88,-8.14,0.0,,,,,,,,,,,,,,,,,,,,,,,,,,,,,,,,,,
2026-03-21_8437,2026-03-21,2026-03-21 09:51:13,2026-03-20,8437,大地-KY,上櫃,8437.TWO,-,0,,13.15,28204,0.4,-0.7565,-0.6801,-0.0764,13.1,13.47,14.29,15.83,16.12,14.29,12.46,0.2561,買點：目前不屬優先進場型態。,停損：若持股請依個人資金控管。,目標：等待更明確訊號。,0.0,0.0,0.0,0.0,0.0,0.0,0.0,0.0,-2.66,-1.9,-4.18,0.0,,,,,,,,,,,,,,,,,,,,,,,,,,,,,,,,,,
2026-03-21_2726,2026-03-21,2026-03-21 09:50:08,2026-03-20,2726,雅茗-KY,上櫃,2726.TWO,-,0,,10.3,30290,0.4,-0.4862,-0.5657,0.0795,10.2,10.12,10.53,12.02,11.88,10.53,9.18,0.2558,買點：目前不屬優先進場型態。,停損：若持股請依個人資金控管。,目標：等待更明確訊號。,0.0,0.0,0.0,0.0,0.0,0.0,0.0,0.0,-1.94,-1.94,-2.43,0.0,,,,,,,,,,,,,,,,,,,,,,,,,,,,,,,,,,
2026-03-21_2070,2026-03-21,2026-03-21 09:49:56,2026-03-20,2070,精湛,上櫃,2070.TWO,-,0,,39.25,105535,0.37,-0.4836,-0.6747,0.1911,39.89,39.04,39.5,41.35,41.62,39.5,37.37,0.1076,買點：目前不屬優先進場型態。,停損：若持股請依個人資金控管。,目標：等待更明確訊號。,0.0,0.0,0.0,0.0,0.0,0.0,0.0,0.0,0.76,-0.89,-3.18,0.0,,,,,,,,,,,,,,,,,,,,,,,,,,,,,,,,,,
2026-03-21_8444,2026-03-21,2026-03-21 09:51:14,2026-03-20,8444,綠河-KY,上櫃,8444.TWO,-,0,,8.6,22002,0.1,-0.4488,-0.4617,0.013,8.61,8.69,9.1,10.53,10.09,9.1,8.11,0.2175,買點：目前不屬優先進場型態。,停損：若持股請依個人資金控管。,目標：等待更明確訊號。,0.0,0.0,0.0,0.0,0.0,0.0,0.0,0.0,1.86,4.07,-2.33,1.0,,,,,,,,,,,,,,,,,,,,,,,,,,,,,,,,,,
2026-03-21_2025,2026-03-21,2026-03-21 11:27:42,2026-03-20,2025,千興,上市,2025.TW,A,103,MACD黃金交叉、MACD第1根紅柱、5日/10日黃金交叉、站上季線、季線向上、量增、股價站上20日線,11.6,545302,2.78,-0.3092,-0.311,0.0018,10.88,10.82,11.32,11.51,12.52,11.32,10.12,0.2115,A級：積極買點 12.65、回踩買點 10.82、保守買點 11.32,短線停損 10.82、波段停損 11.32、嚴格停損 11.51,A級：第一賣點 12.52、第二賣點 12.65,1.0,1.0,1.0,1.0,1.0,1.0,0.0,1.0,-0.43,-0.43,-4.74,0.0,股票,10.6,11.6,10.6,12.65,10.82,11.32,11.51,12.52,12.65,10.82,11.32,11.51,10.82,11.32,11.51,12.52,12.65,10.35,0.0,,,,,,,,,,,,,,
2026-03-21_1471,2026-03-21,2026-03-21 11:27:35,2026-03-20,1471,首利,上市,1471.TW,B,85,MACD黃金交叉、MACD第1根紅柱、站上季線、季線向上、量增、股價站上20日線,13.95,4004433,1.77,0.4152,0.3809,0.0343,13.34,12.76,12.61,11.18,14.44,12.61,10.77,0.2915,B級：積極買點 14.40、回踩買點 12.76、保守買點 12.61,短線停損 12.76、波段停損 12.61、嚴格停損 11.18,第一賣點 14.44、第二賣點 14.40,1.0,1.0,0.0,1.0,1.0,1.0,0.0,1.0,-4.3,-5.73,-15.41,0.0,股票,12.8,13.95,12.75,14.4,12.76,12.61,12.61,14.44,14.4,12.76,12.61,11.18,12.76,12.61,11.18,14.44,14.4,10.7,0.0,,,,,,,,,,,,,,
2026-03-21_4904,2026-03-21,2026-03-21 11:28:27,2026-03-20,4904,遠傳,上市,4904.TW,B,85,MACD黃金交叉、MACD第1根紅柱、站上季線、季線向上、量增、股價站上20日線,94.1,7561388,1.43,0.592,0.5498,0.0422,93.48,92.54,92.9,90.59,95.39,92.9,90.42,0.0535,B級：積極買點 95.70、回踩買點 92.54、保守買點 92.90,短線停損 92.54、波段停損 92.90、嚴格停損 90.59,第一賣點 95.39、第二賣點 95.70,1.0,1.0,0.0,1.0,1.0,1.0,0.0,1.0,-0.11,-1.59,-0.85,0.0,股票,92.5,94.3,92.5,95.7,92.54,92.9,92.9,95.39,95.7,92.54,92.9,90.59,92.54,92.9,90.59,95.39,95.7,90.1,0.0,,,,,,,,,,,,,,
2026-03-21_2633,2026-03-21,2026-03-21 11:27:53,2026-03-20,2633,台灣高鐵,上市,2633.TW,B,76,MACD黃金交叉、MACD第1根紅柱、5日/10日黃金交叉、量增,26.35,7143673,1.27,-0.2848,-0.2889,0.0041,26.2,26.15,26.56,27.19,27.5,26.56,25.62,0.071,B級：積極買點 27.45、回踩買點 26.15、保守買點 26.56,短線停損 26.15、波段停損 26.56、嚴格停損 27.19,第一賣點 27.50、第二賣點 27.45,1.0,1.0,1.0,0.0,0.0,1.0,0.0,0.0,0.38,-0.76,0.38,0.0,股票,26.05,26.35,26.05,27.45,26.15,26.56,27.19,27.5,27.45,26.15,26.56,27.19,26.15,26.56,27.19,27.5,27.45,25.65,0.0,,,,,,,,,,,,,,
2026-03-21_8210,2026-03-21,2026-03-21 11:28:58,2026-03-20,8210,勤誠,上市,8210.TW,B,69,MACD黃金交叉、MACD第1根紅柱、5日/10日黃金交叉、股價站上20日線,912.0,2770274,1.09,-11.7423,-12.7792,1.0369,892.6,889.0,902.35,931.68,953.92,902.35,850.78,0.1143,B級：積極買點 1000.00、回踩買點 889.00、保守買點 902.35,短線停損 889.00、波段停損 902.35、嚴格停損 931.68,第一賣點 953.92、第二賣點 1000.00,1.0,1.0,1.0,0.0,0.0,0.0,0.0,1.0,-0.88,-0.33,-8.99,0.0,股票,900.0,912.0,885.0,1000.0,889.0,902.35,931.68,953.92,1000.0,889.0,902.35,931.68,889.0,902.35,931.68,953.92,1000.0,861.0,0.0,,,,,,,,,,,,,,
2026-03-21_4583,2026-03-21,2026-03-21 11:28:25,2026-03-20,4583,台灣精銳,上市,4583.TW,B,64,MACD黃金交叉、MACD第1根紅柱、5日/10日黃金交叉,642.0,125858,1.18,-18.727,-19.0877,0.3608,635.8,635.6,657.45,685.3,714.95,657.45,599.95,0.1749,B級：積極買點 713.00、回踩買點 635.60、保守買點 657.45,短線停損 635.60、波段停損 657.45、嚴格停損 685.30,第一賣點 714.95、第二賣點 713.00,1.0,1.0,1.0,0.0,0.0,0.0,0.0,0.0,2.65,3.89,1.09,1.0,股票,640.0,655.0,628.0,713.0,635.6,657.45,685.3,714.95,713.0,635.6,657.45,685.3,635.6,657.45,685.3,714.95,713.0,592.0,0.0,,,,,,,,,,,,,,
2026-03-21_6187,2026-03-21,2026-03-21 11:28:39,2026-03-20,6187,萬潤,上櫃,6187.TWO,B,61,站上季線、季線向上、量增、突破布林上軌、股價站上20日線、突破近20日高點,819.0,7274340,2.74,86.9646,68.8323,18.1323,735.4,663.5,593.83,445.24,807.03,593.83,380.62,0.7181,B級：積極買點 819.00、回踩買點 663.50、保守買點 593.83,短線停損 663.50、波段停損 593.83、嚴格停損 445.24,第一賣點 807.03、第二賣點 819.00,0.0,0.0,0.0,1.0,1.0,1.0,1.0,1.0,16.61,18.19,12.33,1.0,股票,819.0,819.0,787.0,819.0,663.5,593.83,593.83,807.03,819.0,663.5,593.83,445.24,663.5,593.83,445.24,807.03,819.0,377.0,1.0,,,,,,,,,,,,,,
2026-03-21_2399,2026-03-21,2026-03-21 11:27:47,2026-03-20,2399,映泰,上市,2399.TW,B,61,站上季線、季線向上、量增、突破布林上軌、股價站上20日線、突破近20日高點,37.2,52401576,2.03,2.2335,0.7973,1.4362,31.4,27.75,25.5,25.27,33.62,25.5,17.37,0.6374,B級：積極買點 37.20、回踩買點 27.75、保守買點 25.50,短線停損 27.75、波段停損 25.50、嚴格停損 25.27,第一賣點 33.62、第二賣點 37.20,0.0,0.0,0.0,1.0,1.0,1.0,1.0,1.0,-15.19,-16.67,-7.26,0.0,股票,37.2,37.2,34.4,37.2,27.75,25.5,25.5,33.62,37.2,27.75,25.5,25.27,27.75,25.5,25.27,33.62,37.2,21.0,1.0,,,,,,,,,,,,,,
2026-03-21_3673,2026-03-21,2026-03-21 11:28:17,2026-03-20,3673,TPK-KY,上市,3673.TW,B,61,站上季線、季線向上、量增、突破布林上軌、股價站上20日線、突破近20日高點,46.0,14867079,1.92,0.6283,-0.081,0.7093,42.15,40.51,40.64,40.96,45.03,40.64,36.25,0.2162,B級：積極買點 47.50、回踩買點 40.51、保守買點 40.64,短線停損 40.51、波段停損 40.64、嚴格停損 40.96,第一賣點 45.03、第二賣點 47.50,0.0,0.0,0.0,1.0,1.0,1.0,1.0,1.0,-2.72,1.2,5.87,0.0,股票,45.15,47.5,44.35,47.5,40.51,40.64,40.96,45.03,47.5,40.51,40.64,40.96,40.51,40.64,40.96,45.03,47.5,37.15,1.0,,,,,,,,,,,,,,
2026-03-21_2640,2026-03-21,2026-03-21 11:27:53,2026-03-20,2640,大車隊,上櫃,2640.TWO,B,61,站上季線、季線向上、量增、突破布林上軌、股價站上20日線、突破近20日高點,152.5,184565,1.55,5.5146,3.2989,2.2158,145.2,140.95,132.4,130.12,151.63,132.4,113.17,0.2905,B級：積極買點 153.00、回踩買點 140.95、保守買點 132.40,短線停損 140.95、波段停損 132.40、嚴格停損 130.12,第一賣點 151.63、第二賣點 153.00,0.0,0.0,0.0,1.0,1.0,1.0,1.0,1.0,11.48,27.87,10.16,1.0,股票,146.0,153.0,146.0,153.0,140.95,132.4,132.4,151.63,153.0,140.95,132.4,130.12,140.95,132.4,130.12,151.63,153.0,122.5,1.0,,,,,,,,,,,,,,
2026-03-21_6574,2026-03-21,2026-03-21 11:28:47,2026-03-20,6574,霈方,上櫃,6574.TWO,B,61,站上季線、季線向上、量增、突破布林上軌、股價站上20日線、突破近20日高點,133.5,363472,1.37,11.8328,6.4271,5.4057,114.44,97.7,87.39,75.24,121.64,87.39,53.14,0.7839,B級：積極買點 135.00、回踩買點 97.70、保守買點 87.39,短線停損 97.70、波段停損 87.39、嚴格停損 75.24,第一賣點 121.64、第二賣點 135.00,0.0,0.0,0.0,1.0,1.0,1.0,1.0,1.0,-5.24,-10.86,-22.85,0.0,股票,127.0,135.0,127.0,135.0,97.7,87.39,87.39,121.64,135.0,97.7,87.39,75.24,97.7,87.39,75.24,121.64,135.0,74.5,1.0,,,,,,,,,,,,,,
2026-03-21_3049,2026-03-21,2026-03-21 11:27:59,2026-03-20,3049,精金,上市,3049.TW,B,61,站上季線、季線向上、量增、突破布林上軌、股價站上20日線、突破近20日高點,18.0,46808019,1.37,1.67,1.2872,0.3828,15.07,14.06,12.67,9.6,17.2,12.67,8.14,0.7154,B級：積極買點 18.00、回踩買點 14.06、保守買點 12.67,短線停損 14.06、波段停損 12.67、嚴格停損 9.60,第一賣點 17.20、第二賣點 18.00,0.0,0.0,0.0,1.0,1.0,1.0,1.0,1.0,-26.94,-29.17,-39.17,0.0,股票,18.0,18.0,17.85,18.0,14.06,12.67,12.67,17.2,18.0,14.06,12.67,9.6,14.06,12.67,9.6,17.2,18.0,9.08,1.0,,,,,,,,,,,,,,
2026-03-21_2542,2026-03-21,2026-03-21 11:27:52,2026-03-20,2542,興富發,上市,2542.TW,B,58,MACD黃金交叉、MACD第1根紅柱、量增,36.5,6272775,1.61,-0.4356,-0.4381,0.0026,36.48,36.41,36.96,38.09,38.59,36.96,35.33,0.088,B級：積極買點 39.35、回踩買點 36.41、保守買點 36.96,短線停損 36.41、波段停損 36.96、嚴格停損 38.09,第一賣點 38.59、第二賣點 39.35,1.0,1.0,0.0,0.0,0.0,1.0,0.0,0.0,-1.1,-1.92,-2.33,0.0,股票,36.75,37.2,35.9,39.35,36.41,36.96,38.09,38.59,39.35,36.41,36.96,38.09,36.41,36.96,38.09,38.59,39.35,34.9,0.0,,,,,,,,,,,,,,
2026-03-21_2736,2026-03-21,2026-03-21 11:27:54,2026-03-20,2736,富野,上櫃,2736.TWO,B,58,MACD黃金交叉、MACD第1根紅柱、量增,12.8,62836,1.3,-0.3691,-0.3876,0.0185,12.68,12.73,13.09,14.0,14.08,13.09,12.1,0.1508,B級：積極買點 14.05、回踩買點 12.73、保守買點 13.09,短線停損 12.73、波段停損 13.09、嚴格停損 14.00,第一賣點 14.08、第二賣點 14.05,1.0,1.0,0.0,0.0,0.0,1.0,0.0,0.0,-2.34,-1.17,2.73,0.0,股票,12.9,12.95,12.7,14.05,12.73,13.09,14.0,14.08,14.05,12.73,13.09,14.0,12.73,13.09,14.0,14.08,14.05,12.5,0.0,,,,,,,,,,,,,,
2026-03-21_6115,2026-03-21,2026-03-21 11:28:37,2026-03-20,6115,鎰勝,上市,6115.TW,B,58,MACD黃金交叉、MACD第1根紅柱、站上季線,47.1,114524,0.93,-0.0707,-0.0773,0.0066,46.87,46.7,47.11,47.06,48.35,47.11,45.87,0.0527,B級：積極買點 48.30、回踩買點 46.70、保守買點 47.11,短線停損 46.70、波段停損 47.11、嚴格停損 47.06,第一賣點 48.35、第二賣點 48.30,1.0,1.0,0.0,1.0,0.0,0.0,0.0,0.0,-0.32,-0.11,-0.53,0.0,股票,46.5,47.5,46.5,48.3,46.7,47.11,47.11,48.35,48.3,46.7,47.11,47.06,46.7,47.11,47.06,48.35,48.3,45.85,0.0,,,,,,,,,,,,,,
2026-03-21_6245,2026-03-21,2026-03-21 11:28:42,2026-03-20,6245,立端,上櫃,6245.TWO,B,51,站上季線、量增、突破布林上軌、股價站上20日線、突破近20日高點,68.0,1162100,1.87,0.0649,-0.6511,0.716,66.26,64.94,63.56,66.76,67.75,63.56,59.38,0.1316,B級：積極買點 68.10、回踩買點 64.94、保守買點 63.56,短線停損 64.94、波段停損 63.56、嚴格停損 66.76,第一賣點 67.75、第二賣點 68.10,0.0,0.0,0.0,1.0,0.0,1.0,1.0,1.0,-0.15,0.88,3.68,0.0,股票,67.1,68.1,66.1,68.1,64.94,63.56,66.76,67.75,68.1,64.94,63.56,66.76,64.94,63.56,66.76,67.75,68.1,59.1,1.0,,,,,,,,,,,,,,
2026-03-21_5515,2026-03-21,2026-03-21 11:28:35,2026-03-20,5515,建國,上市,5515.TW,B,51,站上季線、季線向上、量增、股價站上20日線、突破近20日高點,38.3,1555582,1.31,1.1048,0.5113,0.5936,37.33,35.47,34.19,34.46,38.43,34.19,29.95,0.2481,B級：積極買點 39.00、回踩買點 35.47、保守買點 34.19,短線停損 35.47、波段停損 34.19、嚴格停損 34.46,第一賣點 38.43、第二賣點 39.00,0.0,0.0,0.0,1.0,1.0,1.0,0.0,1.0,-1.04,-1.96,-2.35,0.0,股票,37.7,39.0,37.5,39.0,35.47,34.19,34.46,38.43,39.0,35.47,34.19,34.46,35.47,34.19,34.46,38.43,39.0,31.0,1.0,,,,,,,,,,,,,,
2026-03-21_5481,2026-03-21,2026-03-21 11:28:34,2026-03-20,5481,新華,上櫃,5481.TWO,B,51,MACD黃金交叉、MACD第1根紅柱、股價站上20日線,22.5,76213,0.89,-0.2046,-0.2438,0.0392,21.65,21.54,21.9,22.52,23.01,21.9,20.79,0.1012,B級：積極買點 23.20、回踩買點 21.54、保守買點 21.90,短線停損 21.54、波段停損 21.90、嚴格停損 22.52,第一賣點 23.01、第二賣點 23.20,1.0,1.0,0.0,0.0,0.0,0.0,0.0,1.0,2.22,0.89,-0.67,0.0,股票,21.2,22.5,21.0,23.2,21.54,21.9,22.52,23.01,23.2,21.54,21.9,22.52,21.54,21.9,22.52,23.01,23.2,20.35,0.0,,,,,,,,,,,,,,
2026-03-21_6142,2026-03-21,2026-03-21 11:28:38,2026-03-20,6142,友勁,上市,6142.TW,B,49,站上季線、季線向上、量增、突破布林上軌、股價站上20日線,10.3,1537600,1.5,0.0748,0.0143,0.0605,10.0,9.78,9.78,9.67,10.25,9.78,9.3,0.097,B級：積極買點 10.75、回踩買點 9.78、保守買點 9.78,短線停損 9.78、波段停損 9.78、嚴格停損 9.67,第一賣點 10.25、第二賣點 10.75,0.0,0.0,0.0,1.0,1.0,1.0,1.0,1.0,-1.46,-4.08,-10.0,0.0,股票,10.0,10.5,10.0,10.75,9.78,9.78,9.78,10.25,10.75,9.78,9.78,9.67,9.78,9.78,9.67,10.25,10.75,9.25,0.0,,,,,,,,,,,,,,
2026-03-21_4905,2026-03-21,2026-03-21 11:28:27,2026-03-20,4905,台聯電,上櫃,4905.TWO,B,49,站上季線、季線向上、突破布林上軌、股價站上20日線、突破近20日高點,89.3,53332,0.98,3.9636,1.3389,2.6247,74.54,67.95,65.45,62.87,80.06,65.45,50.84,0.4463,B級：積極買點 89.30、回踩買點 67.95、保守買點 65.45,短線停損 67.95、波段停損 65.45、嚴格停損 62.87,第一賣點 80.06、第二賣點 89.30,0.0,0.0,0.0,1.0,1.0,0.0,1.0,1.0,-6.16,-2.58,-7.05,0.0,股票,89.3,89.3,89.3,89.3,67.95,65.45,65.45,80.06,89.3,67.95,65.45,62.87,67.95,65.45,62.87,80.06,89.3,60.7,1.0,,,,,,,,,,,,,,
2026-03-21_3494,2026-03-21,2026-03-21 11:28:11,2026-03-20,3494,誠研,上市,3494.TW,B,46,MACD黃金交叉、MACD第1根紅柱,8.43,133037,1.15,-0.1613,-0.1703,0.009,8.36,8.31,8.46,8.78,8.87,8.46,8.05,0.0967,B級：積極買點 9.00、回踩買點 8.31、保守買點 8.46,短線停損 8.31、波段停損 8.46、嚴格停損 8.78,第一賣點 8.87、第二賣點 9.00,1.0,1.0,0.0,0.0,0.0,0.0,0.0,0.0,-3.56,-3.56,-7.35,0.0,股票,8.76,8.76,8.24,9.0,8.31,8.46,8.78,8.87,9.0,8.31,8.46,8.78,8.31,8.46,8.78,8.87,9.0,7.81,0.0,,,,,,,,,,,,,,
2026-03-21_3511,2026-03-21,2026-03-21 11:28:11,2026-03-20,3511,矽瑪,上櫃,3511.TWO,B,46,MACD黃金交叉、MACD第1根紅柱,19.15,145617,0.79,-0.4243,-0.429,0.0048,19.04,19.0,19.53,20.45,21.0,19.53,18.06,0.1504,B級：積極買點 21.10、回踩買點 19.00、保守買點 19.53,短線停損 19.00、波段停損 19.53、嚴格停損 20.45,第一賣點 21.00、第二賣點 21.10,1.0,1.0,0.0,0.0,0.0,0.0,0.0,0.0,-1.31,-1.04,-0.78,0.0,股票,18.7,19.2,18.7,21.1,19.0,19.53,20.45,21.0,21.1,19.0,19.53,20.45,19.0,19.53,20.45,21.0,21.1,18.05,0.0,,,,,,,,,,,,,,
2026-03-21_2104,2026-03-21,2026-03-21 11:27:43,2026-03-20,2104,國際中橡,上市,2104.TW,C,57,5日/10日黃金交叉、站上季線、季線向上、量增、股價站上20日線,12.65,7759956,1.54,0.1941,0.2003,-0.0062,12.56,12.51,12.54,11.87,13.59,12.54,11.49,0.1682,積極買點 14.80、回踩買點 12.51、保守買點 12.54,短線停損 12.51、波段停損 12.54、嚴格停損 11.87,第一賣點 13.59、第二賣點 14.80,0.0,0.0,1.0,1.0,1.0,1.0,0.0,1.0,-4.74,-3.16,-4.35,0.0,股票,12.8,13.3,12.5,14.8,12.51,12.54,12.54,13.59,14.8,12.51,12.54,11.87,12.51,12.54,11.87,13.59,14.8,11.15,0.0,,,,,,,,,,,,,,
2026-03-21_2885,2026-03-21,2026-03-21 11:27:56,2026-03-20,2885,元大金,上市,2885.TW,C,40,5日/10日黃金交叉、站上季線、季線向上,44.2,26428862,1.16,0.2382,0.527,-0.2888,44.47,44.23,45.41,42.55,48.44,45.41,42.37,0.1336,積極買點 49.70、回踩買點 44.23、保守買點 45.41,短線停損 44.23、波段停損 45.41、嚴格停損 42.55,第一賣點 48.44、第二賣點 49.70,0.0,0.0,1.0,1.0,1.0,0.0,0.0,0.0,3.73,2.49,5.2,0.0,股票,44.0,44.7,43.9,49.7,44.23,45.41,45.41,48.44,49.7,44.23,45.41,42.55,44.23,45.41,42.55,48.44,49.7,43.2,0.0,,,,,,,,,,,,,,
2026-03-21_1301,2026-03-21,2026-03-21 11:27:33,2026-03-20,1301,台塑,上市,1301.TW,C,40,5日/10日黃金交叉、站上季線、季線向上,47.6,43518999,1.08,0.3259,0.5389,-0.2129,47.36,46.95,48.09,44.52,52.1,48.09,44.09,0.1666,積極買點 54.80、回踩買點 46.95、保守買點 48.09,短線停損 46.95、波段停損 48.09、嚴格停損 44.52,第一賣點 52.10、第二賣點 54.80,0.0,0.0,1.0,1.0,1.0,0.0,0.0,0.0,-4.1,-1.47,-0.21,0.0,股票,49.0,49.7,47.35,54.8,46.95,48.09,48.09,52.1,54.8,46.95,48.09,44.52,46.95,48.09,44.52,52.1,54.8,45.05,0.0,,,,,,,,,,,,,,
2026-03-21_6649,2026-03-21,2026-03-21 11:28:48,2026-03-20,6649,台生材,上櫃,6649.TWO,C,39,量增、突破布林上軌、股價站上20日線、突破近20日高點,43.1,575672,3.18,-1.3547,-1.6569,0.3022,40.46,40.64,41.1,45.71,43.0,41.1,39.21,0.0922,積極買點 43.10、回踩買點 40.64、保守買點 41.10,短線停損 40.64、波段停損 41.10、嚴格停損 45.71,第一賣點 43.00、第二賣點 43.10,0.0,0.0,0.0,0.0,0.0,1.0,1.0,1.0,0.35,4.64,4.29,1.0,股票,43.1,43.1,41.7,43.1,40.64,41.1,45.71,43.0,43.1,40.64,41.1,45.71,40.64,41.1,45.71,43.0,43.1,37.2,1.0,,,,,,,,,,,,,,
2026-03-21_2013,2026-03-21,2026-03-21 11:27:42,2026-03-20,2013,中鋼構,上市,2013.TW,C,39,站上季線、季線向上、量增、股價站上20日線,44.45,591389,2.24,0.5332,0.4552,0.0779,44.13,44.06,43.33,42.5,45.02,43.33,41.64,0.0779,積極買點 45.50、回踩買點 44.06、保守買點 43.33,短線停損 44.06、波段停損 43.33、嚴格停損 42.50,第一賣點 45.02、第二賣點 45.50,0.0,0.0,0.0,1.0,1.0,1.0,0.0,1.0,1.57,0.9,-2.02,0.0,股票,43.6,45.5,43.6,45.5,44.06,43.33,43.33,45.02,45.5,44.06,43.33,42.5,44.06,43.33,42.5,45.02,45.5,41.3,0.0,,,,,,,,,,,,,,
2026-03-21_2441,2026-03-21,2026-03-21 11:27:48,2026-03-20,2441,超豐,上市,2441.TW,C,39,站上季線、季線向上、量增、股價站上20日線,95.2,15990157,2.2,0.0551,-0.9681,1.0232,89.86,86.85,88.75,90.46,98.0,88.75,79.49,0.2086,積極買點 100.50、回踩買點 86.85、保守買點 88.75,短線停損 86.85、波段停損 88.75、嚴格停損 90.46,第一賣點 98.00、第二賣點 100.50,0.0,0.0,0.0,1.0,1.0,1.0,0.0,1.0,-2.21,0.32,-9.66,0.0,股票,95.9,100.5,92.2,100.5,86.85,88.75,90.46,98.0,100.5,86.85,88.75,90.46,86.85,88.75,90.46,98.0,100.5,79.1,0.0,,,,,,,,,,,,,,
2026-03-21_5529,2026-03-21,2026-03-21 11:28:35,2026-03-20,5529,鉅陞,上櫃,5529.TWO,C,39,站上季線、季線向上、量增、股價站上20日線,27.9,289774,2.13,-0.2076,-0.3997,0.1921,26.46,26.02,26.48,27.32,28.29,26.48,24.68,0.1363,積極買點 28.45、回踩買點 26.02、保守買點 26.48,短線停損 26.02、波段停損 26.48、嚴格停損 27.32,第一賣點 28.29、第二賣點 28.45,0.0,0.0,0.0,1.0,1.0,1.0,0.0,1.0,-6.45,-7.53,-7.89,0.0,股票,26.9,28.0,26.9,28.45,26.02,26.48,27.32,28.29,28.45,26.02,26.48,27.32,26.02,26.48,27.32,28.29,28.45,24.7,0.0,,,,,,,,,,,,,,
2026-03-21_6265,2026-03-21,2026-03-21 11:28:42,2026-03-20,6265,方土昶,上櫃,6265.TWO,C,39,站上季線、季線向上、量增、股價站上20日線,47.55,40346311,1.72,1.709,0.5435,1.1656,46.01,41.78,39.84,37.94,48.38,39.84,31.3,0.4287,積極買點 50.70、回踩買點 41.78、保守買點 39.84,短線停損 41.78、波段停損 39.84、嚴格停損 37.94,第一賣點 48.38、第二賣點 50.70,0.0,0.0,0.0,1.0,1.0,1.0,0.0,1.0,-12.83,-19.03,-24.29,0.0,股票,46.55,50.7,45.6,50.7,41.78,39.84,39.84,48.38,50.7,41.78,39.84,37.94,41.78,39.84,37.94,48.38,50.7,32.8,0.0,,,,,,,,,,,,,,
2026-03-21_6789,2026-03-21,2026-03-21 11:28:53,2026-03-20,6789,采鈺,上市,6789.TW,C,39,站上季線、季線向上、量增、股價站上20日線,348.0,7362256,1.46,13.7621,14.8243,-1.0621,345.9,340.9,336.73,297.25,384.12,336.73,289.33,0.2815,積極買點 383.50、回踩買點 340.90、保守買點 336.73,短線停損 340.90、波段停損 336.73、嚴格停損 297.25,第一賣點 384.12、第二賣點 383.50,0.0,0.0,0.0,1.0,1.0,1.0,0.0,1.0,-5.75,-7.33,-4.02,0.0,股票,350.0,365.5,343.5,383.5,340.9,336.73,336.73,384.12,383.5,340.9,336.73,297.25,340.9,336.73,297.25,384.12,383.5,280.0,0.0,,,,,,,,,,,,,,
2026-03-21_5228,2026-03-21,2026-03-21 11:28:31,2026-03-20,5228,鈺鎧,上櫃,5228.TWO,C,39,站上季線、季線向上、量增、股價站上20日線,25.2,918081,1.4,0.2665,-0.0633,0.3298,24.18,22.97,23.21,22.76,25.96,23.21,20.46,0.2368,積極買點 27.95、回踩買點 22.97、保守買點 23.21,短線停損 22.97、波段停損 23.21、嚴格停損 22.76,第一賣點 25.96、第二賣點 27.95,0.0,0.0,0.0,1.0,1.0,1.0,0.0,1.0,-1.19,-4.17,-9.33,0.0,股票,26.2,27.95,25.15,27.95,22.97,23.21,23.21,25.96,27.95,22.97,23.21,22.76,22.97,23.21,22.76,25.96,27.95,20.6,0.0,,,,,,,,,,,,,,
2026-03-21_6139,2026-03-21,2026-03-21 11:28:38,2026-03-20,6139,亞翔,上市,6139.TW,C,39,站上季線、季線向上、量增、股價站上20日線,593.0,5793368,1.32,7.3474,-1.0592,8.4066,583.0,550.8,546.05,564.3,603.0,546.05,489.1,0.2086,積極買點 610.00、回踩買點 550.80、保守買點 546.05,短線停損 550.80、波段停損 546.05、嚴格停損 564.30,第一賣點 603.00、第二賣點 610.00,0.0,0.0,0.0,1.0,1.0,1.0,0.0,1.0,10.29,-3.2,-12.82,0.0,股票,592.0,610.0,578.0,610.0,550.8,546.05,564.3,603.0,610.0,550.8,546.05,564.3,550.8,546.05,564.3,603.0,610.0,477.5,0.0,,,,,,,,,,,,,,
2026-03-21_6208,2026-03-21,2026-03-21 11:28:40,2026-03-20,6208,日揚,上櫃,6208.TWO,C,39,站上季線、季線向上、量增、股價站上20日線,48.4,152355,1.31,0.8601,0.5968,0.2633,48.19,46.94,46.35,45.25,48.62,46.35,44.09,0.0977,積極買點 49.50、回踩買點 46.94、保守買點 46.35,短線停損 46.94、波段停損 46.35、嚴格停損 45.25,第一賣點 48.62、第二賣點 49.50,0.0,0.0,0.0,1.0,1.0,1.0,0.0,1.0,-0.1,-1.76,19.01,0.0,股票,48.4,48.6,47.95,49.5,46.94,46.35,46.35,48.62,49.5,46.94,46.35,45.25,46.94,46.35,45.25,48.62,49.5,43.6,0.0,,,,,,,,,,,,,,
2026-03-21_2338,2026-03-21,2026-03-21 11:27:45,2026-03-20,2338,光罩,上市,2338.TW,C,39,站上季線、季線向上、量增、股價站上20日線,50.6,15642901,1.28,3.1459,3.0414,0.1045,52.36,50.2,48.48,41.22,59.82,48.48,37.13,0.4681,積極買點 59.40、回踩買點 50.20、保守買點 48.48,短線停損 50.20、波段停損 48.48、嚴格停損 41.22,第一賣點 59.82、第二賣點 59.40,0.0,0.0,0.0,1.0,1.0,1.0,0.0,1.0,-3.56,-7.11,-13.83,0.0,股票,53.5,56.9,50.0,59.4,50.2,48.48,48.48,59.82,59.4,50.2,48.48,41.22,50.2,48.48,41.22,59.82,59.4,33.45,0.0,,,,,,,,,,,,,,
2026-03-21_4542,2026-03-21,2026-03-21 11:28:24,2026-03-20,4542,科嶠,上櫃,4542.TWO,C,39,站上季線、季線向上、量增、股價站上20日線,197.5,2055850,1.26,18.763,16.2359,2.5271,188.6,175.0,162.65,120.45,199.45,162.65,125.85,0.4525,積極買點 209.00、回踩買點 175.00、保守買點 162.65,短線停損 175.00、波段停損 162.65、嚴格停損 120.45,第一賣點 199.45、第二賣點 209.00,0.0,0.0,0.0,1.0,1.0,1.0,0.0,1.0,-11.9,-11.14,-20.76,0.0,股票,196.0,209.0,196.0,209.0,175.0,162.65,162.65,199.45,209.0,175.0,162.65,120.45,175.0,162.65,120.45,199.45,209.0,134.0,0.0,,,,,,,,,,,,,,
2026-03-21_0051,2026-03-21,2026-03-21 11:27:31,2026-03-20,51,元大中型100,上市,0051.TW,C,39,站上季線、季線向上、量增、股價站上20日線,111.9,116427,1.26,2.1387,1.8709,0.2677,112.03,109.26,109.12,101.77,115.84,109.12,102.41,0.1231,積極買點 114.05、回踩買點 109.26、保守買點 109.12,短線停損 109.26、波段停損 109.12、嚴格停損 101.77,第一賣點 115.84、第二賣點 114.05,0.0,0.0,0.0,1.0,1.0,1.0,0.0,1.0,-1.43,-0.98,-2.01,0.0,ETF,112.8,113.2,110.9,114.05,109.26,109.12,109.12,115.84,114.05,109.26,109.12,101.77,109.26,109.12,101.77,115.84,114.05,100.35,0.0,,,,,,,,,,,,,,
2026-03-21_8477,2026-03-21,2026-03-21 11:29:02,2026-03-20,8477,創業家,上櫃,8477.TWO,C,39,站上季線、季線向上、量增、股價站上20日線,14.0,56049,1.24,0.2582,0.1946,0.0637,13.83,13.47,13.36,12.79,14.32,13.36,12.41,0.1429,積極買點 14.30、回踩買點 13.47、保守買點 13.36,短線停損 13.47、波段停損 13.36、嚴格停損 12.79,第一賣點 14.32、第二賣點 14.30,0.0,0.0,0.0,1.0,1.0,1.0,0.0,1.0,-0.71,-2.14,-0.36,0.0,股票,13.7,14.15,13.7,14.3,13.47,13.36,13.36,14.32,14.3,13.47,13.36,12.79,13.47,13.36,12.79,14.32,14.3,12.2,0.0,,,,,,,,,,,,,,
2026-03-21_3455,2026-03-21,2026-03-21 11:28:10,2026-03-20,3455,由田,上櫃,3455.TWO,C,39,站上季線、季線向上、量增、股價站上20日線,128.0,5413643,1.23,4.1273,3.1016,1.0258,127.5,123.4,118.45,112.31,132.23,118.45,104.67,0.2326,積極買點 134.50、回踩買點 123.40、保守買點 118.45,短線停損 123.40、波段停損 118.45、嚴格停損 112.31,第一賣點 132.23、第二賣點 134.50,0.0,0.0,0.0,1.0,1.0,1.0,0.0,1.0,1.17,1.95,19.14,0.0,股票,127.5,134.5,126.0,134.5,123.4,118.45,118.45,132.23,134.5,123.4,118.45,112.31,123.4,118.45,112.31,132.23,134.5,102.5,0.0,,,,,,,,,,,,,,
2026-03-21_2724,2026-03-21,2026-03-21 11:27:54,2026-03-20,2724,藝舍-KY,上櫃,2724.TWO,C,37,站上季線、季線向上、突破布林上軌、股價站上20日線,20.45,1100,1.08,0.0079,-0.1114,0.1193,19.73,19.39,19.48,19.82,20.42,19.48,18.54,0.0968,積極買點 20.60、回踩買點 19.39、保守買點 19.48,短線停損 19.39、波段停損 19.48、嚴格停損 19.82,第一賣點 20.42、第二賣點 20.60,0.0,0.0,0.0,1.0,1.0,0.0,1.0,1.0,-5.38,-8.07,-9.54,0.0,股票,20.45,20.45,20.45,20.6,19.39,19.48,19.82,20.42,20.6,19.39,19.48,19.82,19.39,19.48,19.82,20.42,20.6,17.1,0.0,,,,,,,,,,,,,,
2026-03-21_5292,2026-03-21,2026-03-21 11:28:32,2026-03-20,5292,華懋,上市,5292.TW,C,37,站上季線、季線向上、突破布林上軌、股價站上20日線,194.0,169483,0.82,1.4799,-0.3047,1.7846,189.4,184.2,182.5,180.41,193.64,182.5,171.36,0.1221,積極買點 199.50、回踩買點 184.20、保守買點 182.50,短線停損 184.20、波段停損 182.50、嚴格停損 180.41,第一賣點 193.64、第二賣點 199.50,0.0,0.0,0.0,1.0,1.0,0.0,1.0,1.0,13.4,30.67,7.22,1.0,股票,195.0,199.5,194.0,199.5,184.2,182.5,182.5,193.64,199.5,184.2,182.5,180.41,184.2,182.5,180.41,193.64,199.5,170.0,0.0,,,,,,,,,,,,,,
2026-03-21_2330,2026-03-21,2026-03-21 11:27:45,2026-03-20,2330,台積電,上市,2330.TW,C,34,站上季線、季線向上、量增,1840.0,49666400,1.56,16.4243,30.4532,-14.0289,1862.0,1866.0,1900.75,1743.67,2008.98,1900.75,1792.52,0.1139,積極買點 2025.00、回踩買點 1866.00、保守買點 1900.75,短線停損 1866.00、波段停損 1900.75、嚴格停損 1743.67,第一賣點 2008.98、第二賣點 2025.00,0.0,0.0,0.0,1.0,1.0,1.0,0.0,0.0,0.27,-1.09,1.09,0.0,股票,1860.0,1870.0,1840.0,2025.0,1866.0,1900.75,1900.75,2008.98,2025.0,1866.0,1900.75,1743.67,1866.0,1900.75,1743.67,2008.98,2025.0,1770.0,0.0,,,,,,,,,,,,,,
2026-03-21_9926,2026-03-21,2026-03-21 11:29:05,2026-03-20,9926,新海,上市,9926.TW,C,34,站上季線、季線向上、量增,49.95,336930,1.35,0.1446,0.3661,-0.2215,50.25,51.24,50.86,49.88,54.09,50.86,47.64,0.1268,積極買點 57.20、回踩買點 51.24、保守買點 50.86,短線停損 51.24、波段停損 50.86、嚴格停損 49.88,第一賣點 54.09、第二賣點 57.20,0.0,0.0,0.0,1.0,1.0,1.0,0.0,0.0,0.1,-0.1,-0.6,0.0,股票,50.6,50.6,49.9,57.2,51.24,50.86,50.86,54.09,57.2,51.24,50.86,49.88,51.24,50.86,49.88,54.09,57.2,47.95,0.0,,,,,,,,,,,,,,
2026-03-21_6491,2026-03-21,2026-03-21 11:28:45,2026-03-20,6491,晶碩,上市,6491.TW,C,30,5日/10日黃金交叉、量增,281.0,566540,1.72,-2.2665,-1.8419,-0.4247,279.6,279.4,284.12,284.03,297.32,284.12,270.93,0.0928,積極買點 302.00、回踩買點 279.40、保守買點 284.12,短線停損 279.40、波段停損 284.12、嚴格停損 284.03,第一賣點 297.32、第二賣點 302.00,0.0,0.0,1.0,0.0,0.0,1.0,0.0,0.0,-0.89,-0.53,3.38,0.0,股票,274.5,283.0,273.5,302.0,279.4,284.12,284.12,297.32,302.0,279.4,284.12,284.03,279.4,284.12,284.03,297.32,302.0,270.5,0.0,,,,,,,,,,,,,,
2026-03-21_4569,2026-03-21,2026-03-21 11:28:25,2026-03-20,4569,六方科-KY,上市,4569.TW,C,29,站上季線、量增、股價站上20日線,152.0,453215,2.43,-1.1551,-0.6651,-0.49,143.8,144.55,150.6,149.57,168.26,150.6,132.94,0.2345,積極買點 177.00、回踩買點 144.55、保守買點 150.60,短線停損 144.55、波段停損 150.60、嚴格停損 149.57,第一賣點 168.26、第二賣點 177.00,0.0,0.0,0.0,1.0,0.0,1.0,0.0,1.0,-5.92,-10.86,-15.13,0.0,股票,150.0,153.0,143.0,177.0,144.55,150.6,150.6,168.26,177.0,144.55,150.6,149.57,144.55,150.6,149.57,168.26,177.0,136.0,0.0,,,,,,,,,,,,,,
2026-03-21_4728,2026-03-21,2026-03-21 11:28:26,2026-03-20,4728,雙美,上櫃,4728.TWO,C,29,站上季線、量增、股價站上20日線,392.5,14871,1.82,-0.2889,-0.2325,-0.0564,390.0,391.45,391.02,392.18,395.95,391.02,386.1,0.0252,積極買點 398.00、回踩買點 391.45、保守買點 391.02,短線停損 391.45、波段停損 391.02、嚴格停損 392.18,第一賣點 395.95、第二賣點 398.00,0.0,0.0,0.0,1.0,0.0,1.0,0.0,1.0,-0.64,-0.89,-2.29,0.0,股票,389.0,392.5,388.0,398.0,391.45,391.02,392.18,395.95,398.0,391.45,391.02,392.18,391.45,391.02,392.18,395.95,398.0,387.5,0.0,,,,,,,,,,,,,,
2026-03-21_3577,2026-03-21,2026-03-21 11:28:14,2026-03-20,3577,泓格,上櫃,3577.TWO,C,29,站上季線、量增、股價站上20日線,63.8,144388,1.37,0.199,-0.1745,0.3734,63.06,62.11,61.87,62.6,65.71,61.87,58.04,0.1239,積極買點 67.50、回踩買點 62.11、保守買點 61.87,短線停損 62.11、波段停損 61.87、嚴格停損 62.60,第一賣點 65.71、第二賣點 67.50,0.0,0.0,0.0,1.0,0.0,1.0,0.0,1.0,4.23,15.05,19.12,1.0,股票,64.9,65.0,63.2,67.5,62.11,61.87,62.6,65.71,67.5,62.11,61.87,62.6,62.11,61.87,62.6,65.71,67.5,56.6,0.0,,,,,,,,,,,,,,
2026-03-21_6261,2026-03-21,2026-03-21 11:28:42,2026-03-20,6261,久元,上櫃,6261.TWO,C,28,5日/10日黃金交叉、季線向上,67.5,369088,0.81,-1.2743,-0.7864,-0.4879,67.48,67.43,70.76,70.36,77.85,70.76,63.68,0.2003,積極買點 77.00、回踩買點 67.43、保守買點 70.76,短線停損 67.43、波段停損 70.76、嚴格停損 70.36,第一賣點 77.85、第二賣點 77.00,0.0,0.0,1.0,0.0,1.0,0.0,0.0,0.0,5.78,10.07,17.33,1.0,股票,67.5,67.6,66.3,77.0,67.43,70.76,70.76,77.85,77.0,67.43,70.76,70.36,67.43,70.76,70.36,77.85,77.0,65.0,0.0,,,,,,,,,,,,,,
2026-03-21_2440,2026-03-21,2026-03-21 11:27:48,2026-03-20,2440,太空梭,上市,2440.TW,C,28,5日/10日黃金交叉、季線向上,14.6,198440,0.64,-0.1326,-0.072,-0.0606,14.84,14.8,15.23,15.12,16.35,15.23,14.12,0.1462,積極買點 16.75、回踩買點 14.80、保守買點 15.23,短線停損 14.80、波段停損 15.23、嚴格停損 15.12,第一賣點 16.35、第二賣點 16.75,0.0,0.0,1.0,0.0,1.0,0.0,0.0,0.0,-2.05,0.68,-3.08,0.0,股票,14.9,15.0,14.6,16.75,14.8,15.23,15.23,16.35,16.75,14.8,15.23,15.12,14.8,15.23,15.12,16.35,16.75,14.0,0.0,,,,,,,,,,,,,,
2026-03-21_2241,2026-03-21,2026-03-21 11:27:44,2026-03-20,2241,艾姆勒,上市,2241.TW,C,27,量增、突破布林上軌、股價站上20日線,31.85,1425456,1.88,-0.4026,-0.8604,0.4578,30.21,29.65,29.57,32.99,31.34,29.57,27.79,0.1203,積極買點 32.90、回踩買點 29.65、保守買點 29.57,短線停損 29.65、波段停損 29.57、嚴格停損 32.99,第一賣點 31.34、第二賣點 32.90,0.0,0.0,0.0,0.0,0.0,1.0,1.0,1.0,-4.55,-7.38,-12.56,0.0,股票,32.3,32.9,30.85,32.9,29.65,29.57,32.99,31.34,32.9,29.65,29.57,32.99,29.65,29.57,32.99,31.34,32.9,27.4,0.0,,,,,,,,,,,,,,
2026-03-21_5209,2026-03-21,2026-03-21 11:28:30,2026-03-20,5209,新鼎,上櫃,5209.TWO,C,27,季線向上、量增、股價站上20日線,168.0,41889,1.53,-0.5252,-0.8398,0.3145,168.9,168.45,167.78,170.78,171.74,167.78,163.81,0.0473,積極買點 172.50、回踩買點 168.45、保守買點 167.78,短線停損 168.45、波段停損 167.78、嚴格停損 170.78,第一賣點 171.74、第二賣點 172.50,0.0,0.0,0.0,0.0,1.0,1.0,0.0,1.0,0.89,0.3,-1.19,0.0,股票,169.5,169.5,167.5,172.5,168.45,167.78,170.78,171.74,172.5,168.45,167.78,170.78,168.45,167.78,170.78,171.74,172.5,162.0,0.0,,,,,,,,,,,,,,
2026-03-21_8114,2026-03-21,2026-03-21 11:28:57,2026-03-20,8114,振樺電,上市,8114.TW,C,27,站上季線、季線向上、股價站上20日線,183.0,684840,1.13,0.1813,-1.2729,1.4542,181.0,177.5,176.07,180.06,185.12,176.07,167.03,0.1028,積極買點 188.50、回踩買點 177.50、保守買點 176.07,短線停損 177.50、波段停損 176.07、嚴格停損 180.06,第一賣點 185.12、第二賣點 188.50,0.0,0.0,0.0,1.0,1.0,0.0,0.0,1.0,-3.55,-4.37,-8.47,0.0,股票,183.0,187.0,182.0,188.5,177.5,176.07,180.06,185.12,188.5,177.5,176.07,180.06,177.5,176.07,180.06,185.12,188.5,165.5,0.0,,,,,,,,,,,,,,
2026-03-21_3169,2026-03-21,2026-03-21 11:28:02,2026-03-20,3169,亞信,上櫃,3169.TWO,C,27,站上季線、季線向上、股價站上20日線,100.0,195730,0.99,0.7105,0.425,0.2855,99.5,97.65,97.84,96.9,104.13,97.84,91.54,0.1286,積極買點 108.50、回踩買點 97.65、保守買點 97.84,短線停損 97.65、波段停損 97.84、嚴格停損 96.90,第一賣點 104.13、第二賣點 108.50,0.0,0.0,0.0,1.0,1.0,0.0,0.0,1.0,-2.1,-2.8,-10.1,0.0,股票,99.0,102.0,97.7,108.5,97.65,97.84,97.84,104.13,108.5,97.65,97.84,96.9,97.65,97.84,96.9,104.13,108.5,90.6,0.0,,,,,,,,,,,,,,
2026-03-21_2233,2026-03-21,2026-03-21 11:27:44,2026-03-20,2233,宇隆,上市,2233.TW,C,27,站上季線、季線向上、股價站上20日線,235.0,1170393,0.94,0.1952,-1.0392,1.2344,235.1,226.6,228.55,225.87,245.07,228.55,212.03,0.1446,積極買點 253.00、回踩買點 226.60、保守買點 228.55,短線停損 226.60、波段停損 228.55、嚴格停損 225.87,第一賣點 245.07、第二賣點 253.00,0.0,0.0,0.0,1.0,1.0,0.0,0.0,1.0,-1.06,-0.85,-8.51,0.0,股票,232.0,244.0,230.5,253.0,226.6,228.55,228.55,245.07,253.0,226.6,228.55,225.87,226.6,228.55,225.87,245.07,253.0,205.0,0.0,,,,,,,,,,,,,,
2026-03-21_3376,2026-03-21,2026-03-21 11:28:08,2026-03-20,3376,新日興,上市,3376.TW,C,27,站上季線、季線向上、股價站上20日線,223.5,10486489,0.91,3.6759,-0.1635,3.8394,223.1,209.45,205.18,210.49,229.59,205.18,180.76,0.238,積極買點 234.00、回踩買點 209.45、保守買點 205.18,短線停損 209.45、波段停損 205.18、嚴格停損 210.49,第一賣點 229.59、第二賣點 234.00,0.0,0.0,0.0,1.0,1.0,0.0,0.0,1.0,-2.68,-7.16,-7.83,0.0,股票,232.0,233.0,220.5,234.0,209.45,205.18,210.49,229.59,234.0,209.45,205.18,210.49,209.45,205.18,210.49,229.59,234.0,177.0,0.0,,,,,,,,,,,,,,
2026-03-21_6579,2026-03-21,2026-03-21 11:28:47,2026-03-20,6579,研揚,上市,6579.TW,C,27,站上季線、季線向上、股價站上20日線,116.0,163794,0.88,0.3731,-0.4481,0.8212,114.7,111.5,111.58,111.58,118.89,111.58,104.26,0.1311,積極買點 118.00、回踩買點 111.50、保守買點 111.58,短線停損 111.50、波段停損 111.58、嚴格停損 111.58,第一賣點 118.89、第二賣點 118.00,0.0,0.0,0.0,1.0,1.0,0.0,0.0,1.0,-0.43,-0.43,-2.16,0.0,股票,115.0,116.5,115.0,118.0,111.5,111.58,111.58,118.89,118.0,111.5,111.58,111.58,111.5,111.58,111.58,118.89,118.0,103.0,0.0,,,,,,,,,,,,,,
2026-03-21_3580,2026-03-21,2026-03-21 11:28:14,2026-03-20,3580,友威科,上櫃,3580.TWO,C,27,站上季線、季線向上、股價站上20日線,71.4,607879,0.87,1.1145,0.7198,0.3948,71.3,70.0,68.53,67.18,73.94,68.53,63.12,0.1578,積極買點 73.50、回踩買點 70.00、保守買點 68.53,短線停損 70.00、波段停損 68.53、嚴格停損 67.18,第一賣點 73.94、第二賣點 73.50,0.0,0.0,0.0,1.0,1.0,0.0,0.0,1.0,3.64,1.54,0.56,0.0,股票,70.9,73.0,70.0,73.5,70.0,68.53,68.53,73.94,73.5,70.0,68.53,67.18,70.0,68.53,67.18,73.94,73.5,61.8,0.0,,,,,,,,,,,,,,
2026-03-21_8046,2026-03-21,2026-03-21 11:28:55,2026-03-20,8046,南電,上市,8046.TW,C,27,站上季線、季線向上、股價站上20日線,541.0,20107190,0.86,41.6752,38.9402,2.735,555.8,508.4,499.5,369.39,600.21,499.5,398.79,0.4033,積極買點 603.00、回踩買點 508.40、保守買點 499.50,短線停損 508.40、波段停損 499.50、嚴格停損 369.39,第一賣點 600.21、第二賣點 603.00,0.0,0.0,0.0,1.0,1.0,0.0,0.0,1.0,-0.18,3.7,15.34,1.0,股票,563.0,571.0,525.0,603.0,508.4,499.5,499.5,600.21,603.0,508.4,499.5,369.39,508.4,499.5,369.39,600.21,603.0,405.5,0.0,,,,,,,,,,,,,,
2026-03-21_3030,2026-03-21,2026-03-21 11:27:58,2026-03-20,3030,德律,上市,3030.TW,C,27,站上季線、季線向上、股價站上20日線,255.5,5283388,0.8,18.0109,18.2133,-0.2024,256.8,256.9,239.7,201.02,290.07,239.7,189.33,0.4202,積極買點 281.50、回踩買點 256.90、保守買點 239.70,短線停損 256.90、波段停損 239.70、嚴格停損 201.02,第一賣點 290.07、第二賣點 281.50,0.0,0.0,0.0,1.0,1.0,0.0,0.0,1.0,-1.76,1.76,-0.59,0.0,股票,268.5,271.0,255.0,281.5,256.9,239.7,239.7,290.07,281.5,256.9,239.7,201.02,256.9,239.7,201.02,290.07,281.5,182.0,0.0,,,,,,,,,,,,,,
2026-03-21_3491,2026-03-21,2026-03-21 11:28:11,2026-03-20,3491,昇達科,上櫃,3491.TWO,C,27,站上季線、季線向上、股價站上20日線,1450.0,293207,0.79,57.1821,70.8521,-13.67,1417.0,1334.0,1427.0,1074.58,1722.29,1427.0,1131.71,0.4139,積極買點 1895.00、回踩買點 1334.00、保守買點 1427.00,短線停損 1334.00、波段停損 1427.00、嚴格停損 1074.58,第一賣點 1722.29、第二賣點 1895.00,0.0,0.0,0.0,1.0,1.0,0.0,0.0,1.0,-2.76,14.83,13.1,1.0,股票,1420.0,1450.0,1400.0,1895.0,1334.0,1427.0,1427.0,1722.29,1895.0,1334.0,1427.0,1074.58,1334.0,1427.0,1074.58,1722.29,1895.0,1125.0,0.0,,,,,,,,,,,,,,
2026-03-21_6703,2026-03-21,2026-03-21 11:28:51,2026-03-20,6703,軒郁,上櫃,6703.TWO,C,27,站上季線、季線向上、股價站上20日線,121.0,109890,0.79,3.8635,2.9485,0.915,120.3,119.1,112.78,109.08,125.8,112.78,99.75,0.2309,積極買點 123.50、回踩買點 119.10、保守買點 112.78,短線停損 119.10、波段停損 112.78、嚴格停損 109.08,第一賣點 125.80、第二賣點 123.50,0.0,0.0,0.0,1.0,1.0,0.0,0.0,1.0,-0.41,-6.61,-2.48,0.0,股票,121.5,121.5,119.5,123.5,119.1,112.78,112.78,125.8,123.5,119.1,112.78,109.08,119.1,112.78,109.08,125.8,123.5,104.0,0.0,,,,,,,,,,,,,,
2026-03-21_2353,2026-03-21,2026-03-21 11:27:46,2026-03-20,2353,宏碁,上市,2353.TW,C,27,站上季線、季線向上、股價站上20日線,27.8,34501863,0.76,0.371,0.2424,0.1286,27.93,27.53,27.2,26.63,28.59,27.2,25.81,0.1019,積極買點 29.45、回踩買點 27.53、保守買點 27.20,短線停損 27.53、波段停損 27.20、嚴格停損 26.63,第一賣點 28.59、第二賣點 29.45,0.0,0.0,0.0,1.0,1.0,0.0,0.0,1.0,-2.52,-1.44,-2.88,0.0,股票,28.65,28.75,27.8,29.45,27.53,27.2,27.2,28.59,29.45,27.53,27.2,26.63,27.53,27.2,26.63,28.59,29.45,25.6,0.0,,,,,,,,,,,,,,
